1889 3284
1005 201 1062 242 20

424 330 532 371 quos
564 314 640 371 pol
672 329 753 370 ego
786 314 918 357 credo
951 314 1165 357 humanas
1198 313 1496 371 querimonias

422 399 509 426 non
541 383 660 426 tanti
692 384 854 437 facere,
890 383 998 440 quid
1029 384 1186 437 velint,
1219 383 1325 440 quid
1355 399 1443 426 non
1474 383 1724 426 velint...“

280 453 362 496 His
384 453 587 496 versibus
621 453 756 495 etiam
779 453 1073 495 Menandrum
1097 452 1366 509 reprehendi
1391 454 1575 509 praeter
1608 452 1665 494 fr.
1692 452 1774 494 164

281 523 411 565 docet
442 522 498 564 fr.
534 522 638 563 739:

491 593 521 631 ὦ
555 592 660 643 νύξ,
697 591 740 631 σὺ
773 590 846 645 γάρ
881 591 929 645 δὴ
964 593 1143 631 πλεῖστον
1178 590 1416 646 Ἀφροδίτης
1451 594 1553 632 θεῶν

494 675 669 715 μετεχεις
705 677 819 715 μερος
845 694 851 700 .
878 694 884 699 .
911 693 921 703 .

282 732 352 784 (cs.
387 730 519 772 Merc.
554 746 593 771 v.
617 731 645 771 4
679 729 751 784 „vi
784 729 876 773 vidi
898 730 1061 772 amoris
1094 729 1256 782 facere,
1290 729 1365 786 qui
1398 732 1477 773 aut
1509 730 1666 772 nocti
1696 731 1777 772 aut

282 800 351 842 die
377 834 383 840 .
410 834 417 840 .
445 834 451 840 .
475 799 677 842 miserias
709 801 901 841 narrant
933 799 1096 854 suas“.)

399 869 486 911 Sed
516 884 643 911 nemo
689 868 817 915 πάθος
861 868 976 911 illud
1007 868 1302 925 Euripideum
1345 868 1494 925 inepte
1525 869 1777 912 adhibitum

283 954 376 982 esse
422 939 638 982 iudicabit
677 939 774 982 loco
805 938 999 995 Adelph.
1033 938 1139 992 7893
1184 938 1352 981 Demea
1395 940 1630 995 postquam
1674 939 1776 982 Cte-

283 1009 512 1065 siphonem
544 1008 665 1051 intus
696 1008 973 1051 helluantem
1005 1007 1134 1060 vidit,
1178 1023 1339 1064 magno
1379 1008 1504 1051 luctu
1546 1010 1592 1051 et
1624 1008 1777 1065 despe-

282 1079 458 1121 ratione
482 1079 671 1120 affectus
705 1094 759 1120 ex
780 1078 965 1120 aedibus
992 1078 1038 1119 in
1059 1077 1258 1134 plateam
1279 1078 1532 1134 prorumpit
1554 1078 1772 1121 clamans:

344 1148 409 1201 „ei
439 1147 558 1199 mihi,
593 1147 699 1204 quid
732 1147 924 1190 faciam?
972 1147 1078 1203 quid
1110 1161 1253 1202 agam,
1288 1147 1393 1203 quid
1425 1147 1607 1190 clamem
1639 1149 1719 1190 aut

1461 1216 1660 1274 querar?

341 1303 363 1329 o
396 1287 633 1338 caelum,
669 1302 691 1328 ο
724 1289 910 1339 terra,
948 1302 970 1329 ο
1002 1287 1180 1329 maria
1212 1286 1515 1343 Neptuni!“
1543 1320 1551 1328 .
1577 1321 1585 1329 .
1610 1320 1619 1329 .

281 1357 521 1399 Menander
562 1356 643 1399 hoc
684 1356 792 1410 loco,
840 1372 925 1413 quo
966 1359 1097 1412 pater
1138 1355 1191 1398 de
1225 1356 1372 1399 salute
1402 1356 1610 1409 filiorum,
1655 1358 1778 1413 post-

282 1441 412 1483 quam
436 1427 573 1469 etiam
595 1442 704 1478 eum,
738 1441 867 1483 quem
890 1426 1014 1482 frugi
1042 1441 1138 1468 esse
1161 1427 1364 1482 putabat,
1399 1441 1493 1469 esse
1515 1428 1778 1482 corruptum

282 1497 436 1550 sensit,
470 1496 601 1553 plane
634 1496 856 1552 desperat,
892 1496 1095 1555 cons-ulto
1118 1498 1399 1552 spectatores
1432 1496 1485 1538 de
1505 1495 1667 1551 grandi
1696 1495 1777 1538 illo

290 1566 471 1609 exordio
505 1566 749 1622 Euripideo
782 1565 1160 1608 commonefacere
1190 1564 1348 1608 voluit.
1412 1565 1508 1608 Hoc
1549 1565 1646 1608 1000
1677 1579 1780 1621 poe-

281 1639 373 1679 tam
405 1652 494 1678 non
525 1636 674 1678 verbis
708 1650 856 1678 senem
880 1635 1100 1678 dicentem
1131 1635 1281 1677 facere
1304 1635 1503 1691 potuisse
1536 1650 1582 1678 se
1609 1635 1778 1678 affectu

283 1708 551 1748 commotum
582 1720 689 1757 esse,
725 1707 775 1747 ut
798 1705 980 1758 exisset,
1014 1707 1360 1747 consentaneum
1392 1706 1481 1759 est3
1515 1704 1652 1746 nimia
1678 1704 1778 1747 dili-

282 1776 439 1831 gentia
460 1774 649 1817 molesta
671 1777 790 1817 esset
823 1776 870 1816 et
902 1773 1030 1820 πάθος
1063 1788 1115 1817 ea
1146 1789 1193 1816 re
1217 1773 1392 1816 omnino
1415 1776 1536 1817 esset
1557 1774 1774 1828 deletum;

283 1845 437 1901 itaque
468 1843 709 1886 Menander
742 1858 918 1886 causam
951 1843 1103 1886 eadem
1134 1843 1294 1885 subtili
1337 1846 1436 1886 arte
1480 1845 1616 1900 atque
1648 1842 1778 1885 Euri-

282 1914 407 1971 pides
440 1914 487 1956 in
518 1913 770 1970 Hippolyto
805 1913 955 1956 omisit
970 1913 1012 1968 ¹).

400 1983 487 2026 Sed
510 1983 773 2037 comoediae,
807 2008 862 2012 —-
892 1983 981 2025 nisi
1012 1983 1127 2025 risus
1161 1983 1361 2026 excitare
1394 1982 1559 2036 studet,
1591 2008 1646 2012 —
1677 1997 1777 2039 per-

285 2068 389 2096 raro
434 2054 480 2095 in
523 2053 639 2095 hunc
680 2052 857 2095 modum
890 2067 1128 2108 assurgere
1172 2052 1292 2095 licet.
1356 2052 1592 2095 Commode
1634 2052 1778 2108 igitur

285 2121 461 2177 evenit,
496 2122 613 2180 quod
655 2122 785 2164 huius
828 2122 1019 2165 adeundi
1052 2136 1210 2165 causae
1254 2122 1382 2165 velut
1423 2123 1552 2166 varia
1595 2121 1778 2178 species,

285 2208 397 2250 quae
439 2208 528 2235 non
569 2192 833 2248 tragoediae
867 2192 995 2239 πάθος
1040 2193 1203 2249 spiret,
1249 2192 1296 2234 in
1335 2192 1560 2235 comoedia
1592 2191 1779 2248 antiqua

286 2265 386 2305 orta
418 2265 465 2304 et
498 2262 677 2305 exculta
709 2264 789 2315 est,
835 2262 951 2304 unde
983 2262 1029 2304 in
1059 2276 1220 2305 novam
1256 2261 1524 2305 comoediam
1555 2261 1776 2318 pervenit.

287 2332 410 2385 Quae
442 2332 658 2388 quomodo
701 2334 811 2374 nata
855 2332 934 2384 sit,
984 2347 1037 2374 ex
1081 2331 1250 2374 duobus
1290 2332 1398 2374 locis
1430 2331 1777 2388 Aristophaneis

285 2403 490 2458 apparet.

401 2470 517 2513 Nub.
541 2471 637 2512 627.
684 2470 892 2514 Socrates
925 2470 1071 2513 iratus
1103 2486 1126 2513 e
1163 2470 1543 2527 „phrontisterio“
1577 2485 1655 2513 suo
1677 2484 1778 2526 pro-

285 2540 380 2583 ruit
412 2540 458 2581 in
491 2554 692 2582 scaenam
735 2546 780 2582 et
821 2555 867 2583 se
898 2554 1091 2596 unquam
1123 2546 1216 2583 tam
1248 2539 1484 2583 indocilem
1514 2539 1781 2596 discipulum

285 2610 493 2652 habuisse
525 2611 684 2664 negat:

411 2718 444 2759 1)
470 2714 603 2749 Nescio
630 2724 675 2748 an
703 2714 809 2748 etiam
837 2715 957 2755 verba,
987 2726 1079 2758 quae
1104 2715 1140 2749 in
1166 2715 1266 2749 Dis0.
1293 2717 1363 2750 434
1388 2715 1577 2759 leguntur:

666 2773 739 2810 Τίς
768 2775 813 2807 ἂν
844 2774 958 2808 θεῶν
984 2775 1137 2808 τάλαιναν
1167 2776 1310 2821 ἐλεήσειέ
1338 2788 1397 2820 με;

285 2830 356 2862 huc
382 2827 600 2872 pertineant.
