1889 3284
10 2826 74 2882 vet
103 2851 213 2884 116s.

0 684 9 1166 l

746 231 807 287 *27

149 364 182 391 c.
215 348 317 391 Non
346 347 489 390 minus
521 362 652 404 quam
683 347 881 404 inquiete
914 346 1049 388 animi
1080 346 1360 402 depingenda
1392 345 1524 387 Euri-

32 417 158 474 pides
189 417 398 461 subtilem
439 417 574 460 animi
616 417 796 459 humani
826 416 1332 472 notitiam‘praestabat
1373 429 1425 458 ea
1466 430 1525 468 re,

34 487 151 544 quod
184 487 401 540 homines,
454 487 530 543 qui
570 489 672 529 tota
714 489 863 529 mente
903 486 1075 542 aliquid
1119 500 1263 528 secum
1297 488 1524 541 reputant,

33 559 254 600 secretum
283 556 428 600 locum
459 559 613 613 petere
646 557 927 599 observabat.

148 626 216 669 Ea
247 640 381 670 causa
410 625 683 682 Belleropho
715 626 760 667 in
784 625 1091 668 Stheneboeae
1122 625 1310 682 prologo
1328 625 1356 677 ¹)
1390 624 1525 666 addu-

28 695 162 748 citur,
209 698 262 738 ut
308 695 523 753 procedat
569 696 641 750 (cf.
675 695 780 748 Leo,
815 695 1037 751 Monolog.
1081 710 1121 751 p.
1157 695 1241 749 20).
1319 694 1385 736 De
1429 694 1528 736 Vita

30 765 223 808 humana
262 765 309 807 in
349 780 513 821 genere
542 764 788 808 meditatus
819 765 1072 821 generalem
1119 779 1250 821 quam
1283 763 1398 806 dixit
1431 778 1526 806 sen-

31 836 224 879 tentiam
255 835 312 878 ad
342 835 500 878 Proeti
530 835 720 891 hospitis
753 834 1054 877 condicionem
1086 834 1270 876 adhibet
1285 832 1329 888 ²).

151 904 326 948 Similes
364 903 763 960 contemplationes
796 904 1142 960 pronuntiantes
1175 903 1220 944 in
1254 901 1526 944 Philemonis

32 974 197 1018 fabulis
228 988 446 1031 personae
478 975 664 1016 exeunt:

147 1044 202 1086 In
232 1043 364 1086 Most.
399 1059 438 1086 v.
470 1043 526 1085 84
566 1042 847 1086 Philolaches
890 1042 1239 1098 cogitationibus
1272 1041 1450 1084 deditus
1482 1041 1527 1082 in

33 1127 236 1157 scaenam
266 1127 450 1156 vacuam
474 1111 732 1169 egreditur,
765 1112 1021 1168 generalem
1054 1111 1107 1154 de
1139 1111 1375 1167 disciplina
1407 1110 1525 1153 aedi-

31 1183 132 1226 ficio
176 1182 476 1239 comparanda
520 1182 789 1225 sententiam
838 1182 896 1237 (v,
930 1183 985 1224 84
1002 1181 1073 1236 ss.)
1122 1196 1200 1224 sua
1247 1181 1384 1237 ipsius
1431 1180 1528 1222 vita

31 1252 240 1296 illustrat
272 1252 329 1308 (v.
366 1252 447 1294 132
462 1252 535 1307 ss.)
551 1251 595 1307 3)
648 1251 816 1294 Eodem
849 1251 942 1293 fere
974 1251 1102 1293 modo
1129 1250 1352 1306 Lysitelis
1387 1250 1526 1292 canti-

31 1337 131 1365 cum
161 1322 283 1364 Trin.
317 1322 401 1363 223
433 1321 725 1378 compositum
758 1324 839 1364 est.

149 1391 259 1435 Cum
301 1391 347 1433 hi
390 1391 476 1434 duo
519 1391 606 1433 loci
650 1391 741 1433 sint
773 1390 1017 1442 monodiae,
1066 1390 1111 1431 in
1143 1389 1302 1445 quibus
1335 1389 1526 1431 Plautus

33 1475 166 1517 saepe
198 1476 322 1503 suum
353 1460 579 1516 ingenium
611 1474 821 1516 suamque
855 1459 1104 1502 sollertiam
1138 1459 1349 1509 exercuit,
1397 1472 1526 1514 quae—

32 1530 220 1574 rendum
252 1534 333 1583 est,
365 1545 469 1572 num
500 1530 568 1572 his
599 1530 707 1573 locis
729 1529 929 1572 Philemo
961 1529 1088 1571 nobis
1117 1528 1420 1585 agnoscendus
1454 1527 1526 1570 sit.

32 1599 101 1643 At
127 1615 385 1644 scaenarum
418 1614 587 1643 conexu
620 1599 875 1643 ostenditur
908 1599 1044 1642 etiam
1075 1599 1120 1640 in
1153 1597 1316 1640 fabulis
1341 1597 1527 1641 Graecis

33 1669 102 1712 his
146 1669 254 1712 locis
297 1669 480 1712 iuvenes
522 1695 577 1699 —
619 1669 828 1712 nimirum
873 1684 962 1711 non
1005 1668 1169 1711 tacitos
1211 1693 1265 1697 ——
1309 1667 1524 1724 prodisse.

35 1738 233 1792 Quorum
264 1738 502 1796 soliloquia
529 1739 719 1781 Plautus
754 1754 851 1781 cum
882 1739 927 1780 in
958 1737 1185 1780 monodias
1220 1740 1525 1789 commutaret,

33 1808 91 1852 ad
123 1823 231 1865 quas
261 1808 377 1851 tales
410 1807 756 1852 deliberationes
790 1808 977 1850 maxime
1010 1807 1192 1850 idoneas
1235 1822 1328 1849 esse
1371 1810 1417 1849 et
1448 1821 1528 1863 per

24 1875 79 1924 ’se
101 1880 230 1934 patet
259 1880 306 1921 et
327 1872 462 1920 simili
491 1877 588 1921 loco
612 1877 836 1934 Amphitr.
870 1877 990 1919 infra
1012 1876 1153 1919 allato
1177 1876 1525 1929 demonstratur,

33 1962 114 2004 pro
146 1946 475 1991 consuetudine¹
496 1947 625 1990 auxit
657 1949 704 1990 et
734 1946 1028 2003 amplificavit
1045 1946 1090 2001 ⁴).

151 2017 278 2060 Hanc
309 2031 484 2060 causam
515 2017 758 2060 Menander
799 2031 884 2059 uno
931 2017 1049 2068 loco,
1097 2016 1150 2059 de
1192 2031 1277 2072 quo
1323 2016 1527 2058 nonnulli

33 2086 125 2130 viri
155 2086 277 2129 docti
308 2087 629 2140 disseruerunt,
665 2087 746 2129 sibi
781 2087 1066 2143 adoptavisse
1099 2087 1296 2129 videtur.
1355 2086 1408 2127 ln
1439 2085 1525 2128 Ad.

33 2155 152 2199 enim
198 2172 240 2198 V.
281 2157 366 2198 855
412 2156 578 2199 Demea
622 2171 826 2212 egressus
873 2171 1013 2212 aeque
1059 2158 1194 2212 atque
1241 2170 1458 2213 personae
1502 2170 1528 2197 a

31 2216 294 2269 Philemone
335 2225 544 2269 inductae
591 2227 731 2281 primo
779 2226 1049 2269 sententiam
1095 2226 1148 2268 de
1196 2226 1292 2268 vita
1336 2226 1527 2267 humana

38 2294 291 2351 generalem
323 2295 446 2348 dicit,
491 2294 650 2338 deinde
682 2310 778 2337 eam
811 2295 1008 2338 ostendit
1054 2295 1110 2337 ad
1143 2310 1189 2338 se
1221 2310 1395 2351 quoque
1426 2302 1528 2352 perss

157 2436 192 2479 1)
219 2436 287 2479 Qui
312 2435 348 2470 in
375 2436 468 2470 Mus.
496 2436 612 2471 Rhen.
640 2437 707 2470 vol.
737 2438 780 2471 63
808 2427 888 2480 pag.
922 2439 985 2469 147
1013 2435 1110 2480 typis
1139 2446 1332 2480 expressus
1359 2441 1424 2470 est.

154 2495 191 2538 2)
218 2494 325 2530 Tales
343 2484 598 2530 meditationes
617 2496 726 2530 etiam
744 2495 780 2529 in
798 2494 1075 2529 Heraclidarum
1093 2501 1130 2529 et
1147 2495 1374 2529 Philoctetae
1400 2495 1527 2540 Eurip.

35 2553 198 2598 prologis
225 2558 380 2598 exstant,
407 2554 471 2589 sed
496 2565 568 2589 non
595 2559 838 2590 sunu-ausae
864 2553 1076 2599 prodeundi.

157 2614 194 2657 3)
220 2613 319 2648 Haec
337 2612 528 2658 dispositio
548 2614 656 2648 etiam
675 2614 755 2649 aliis
774 2614 873 2655 locis,
901 2614 1031 2657 quibus
1050 2624 1227 2658 personae
1255 2613 1329 2648 alia
1355 2613 1399 2648 de
1419 2624 1528 2649 causa

35 2681 253 2716 progress1e
278 2672 314 2706 in
341 2683 472 2708 scaena
497 2672 730 2716 meditantur,
756 2683 934 2717 persaepe
961 2673 1152 2707 invenitur.
1205 2672 1261 2708 Cf.
1288 2673 1375 2715 Leo,
1403 2673 1528 2708 Mono-

35 2730 119 2774 log.,
146 2742 180 2775 p.
209 2733 359 2766 75—78.

156 2791 194 2834 4)
219 2790 436 2825 Accuratius
454 2790 498 2825 de
520 2791 576 2825 his
594 2791 683 2826 locis
702 2791 901 2835 disputavit
920 2792 1005 2835 Leo,
1032 2792 1115 2825 hist.
1134 2792 1272 2826 literar.
1300 2801 1381 2835 pag.
1405 2794 1466 2825 111
1483 2802 1528 2826 ss.
