1889 3284
955 225 1010 266 36

235 344 415 395 citatur,
458 341 649 384 dilucide
689 343 951 398 apparebat.
1015 340 1114 393 Qua
1146 355 1193 382 re
1224 340 1405 395 cognita
1435 338 1680 382 Menander
1694 337 1726 392 1)

236 427 420 468 eumque
453 417 629 454 secutus
655 409 943 466 Demophilus
968 409 1014 450 in
1035 408 1250 452 Asinaria
1282 424 1333 451 ea
1364 409 1540 451 ratione
1574 407 1723 450 aditus

236 481 454 538 probandi
485 480 553 522 usi
585 485 701 522 sunt.
765 479 852 522 Sed
875 495 970 521 cum
991 478 1141 521 nullus
1172 478 1260 521 iam
1291 478 1410 535 apud
1432 477 1725 521 Menandrum

234 552 369 603 locus,
403 550 477 607 qui
509 564 604 592 eam
636 550 861 592 servatam
895 550 1125 604 praebeat,
1158 548 1427 601 inveniatur,
1462 546 1724 604 quaestione

235 623 411 663 tantum
444 635 492 661 eo
524 618 820 676 pervenimus,
854 620 906 661 ut
936 618 1050 660 hanc
1070 617 1260 660 formam
1292 632 1387 660 esse
1409 617 1725 659 Menandream

234 689 543 733 verisimiliter
575 688 851 730 coniciamus.
913 688 968 729 In
991 687 1225 730 Perinthia
1247 686 1363 729 enim
1384 686 1595 729 comicum
1628 700 1724 728 eam

236 759 487 803 adhibuisse
527 758 745 812 arbitror;
791 772 922 814 quam
953 757 1154 800 fabulam
1189 757 1235 799 in
1265 756 1409 813 prima
1448 770 1608 799 scaena
1637 756 1723 798 La-

234 830 357 872 tinae
388 828 590 871 Andriae
614 827 873 870 Terentium
906 830 1105 870 secutum
1137 842 1235 869 esse
1267 827 1472 869 Donatus
1506 825 1563 868 ad
1593 842 1634 869 v.
1670 825 1724 867 13

235 899 391 942 tradit.
453 898 581 941 Hanc
623 897 971 949 adnotationem,
1016 912 1146 953 quam
1190 896 1346 939 Ihnius
1390 896 1592 952 (Quaest.
1640 895 1724 937 Te·

235 969 481 1021 renti-anae,
526 968 666 1011 Bonn.
713 967 817 1010 diss.
864 967 1004 1022 1843.)
1048 967 1093 1009 in
1136 966 1486 1010 controversiam
1529 964 1723 1018 vocavit,

235 1041 403 1082 rectam
435 1053 531 1081 esse
563 1053 678 1080 nunc
709 1037 907 1079 omnibus
928 1038 1170 1093 probatum
1193 1051 1290 1079 esse
1311 1038 1446 1093 puto:
1486 1034 1723 1089 „Conscius

234 1108 316 1151 sibi
357 1110 426 1150 est
467 1108 654 1164 primam
697 1121 900 1149 scaenam
932 1106 985 1149 de
1017 1106 1256 1149 Perinthia
1302 1121 1394 1149 esse
1436 1104 1722 1157 translatam,

234 1178 309 1220 ubi
341 1193 475 1220 senex
520 1178 588 1220 ita
631 1192 726 1219 cum
773 1191 909 1218 uxore
954 1176 1168 1232 loquitur,
1216 1178 1267 1218 ut
1313 1175 1432 1232 apud
1463 1173 1724 1217 Terentium

234 1263 330 1290 cum
362 1248 541 1290 liberto,
589 1249 638 1289 at
683 1247 730 1288 in
760 1246 937 1288 Andria
982 1245 1215 1288 Menandri
1262 1245 1380 1288 solus
1430 1248 1499 1288 est
1547 1245 1720 1287 senex.“

234 1318 368 1374 Apud
400 1316 661 1360 Terentium
692 1315 810 1359 Simo
846 1331 981 1358 senex
1019 1331 1114 1358 cum
1146 1315 1274 1359 Sosia
1305 1330 1442 1372 coquo
1475 1316 1523 1357 et
1554 1314 1722 1356 duobus

234 1388 378 1431 servis
423 1386 605 1443 opsonio
653 1389 802 1443 empto
836 1400 862 1428 a
893 1385 990 1428 foro
1024 1385 1193 1428 redisse
1225 1385 1420 1428 videtur.
1482 1384 1535 1426 In
1567 1383 1723 1426 Perin-

232 1458 330 1501 thia
360 1460 509 1499 autem
540 1471 722 1498 uxorem
745 1471 834 1498 non
860 1470 886 1498 a
912 1456 1012 1498 foro
1045 1455 1290 1499 revertisse
1323 1456 1528 1512 apparet,
1561 1453 1639 1496 sed
1669 1467 1724 1496 ex

233 1528 413 1571 aedibus
446 1541 629 1583 egressa
669 1528 762 1580 est,
807 1528 856 1568 at
888 1541 966 1568 cur
996 1525 1246 1583 processit?
1308 1526 1419 1568 Eam
1452 1539 1531 1567 sua
1565 1525 1722 1580 sponte

233 1598 388 1651 exisse,
414 1600 464 1639 ut
484 1597 630 1640 virum
654 1599 952 1653 exspectaret,
985 1613 1073 1639 non
1095 1596 1339 1639 verisimile
1363 1598 1445 1646 est,
1479 1609 1575 1637 cum
1596 1592 1720 1635 nullo

232 1668 327 1711 loco
360 1670 520 1724 poetae
551 1681 693 1709 novae
725 1666 977 1713 comoediae
1018 1666 1353 1723 exspectatione
1385 1665 1442 1708 ad
1473 1665 1645 1707 aditum
1675 1663 1723 1705 in

234 1752 435 1780 scaenam
468 1736 746 1794 probandum
767 1737 835 1779 ita
857 1739 1056 1790 utantur,
1092 1739 1143 1779 ut
1166 1736 1395 1779 exordium
1416 1734 1597 1778 fabulae
1620 1732 1721 1775 inde

233 1807 479 1856 incohetur,
512 1806 588 1849 sed
619 1821 791 1862 semper
823 1821 875 1849 ea
907 1821 1038 1849 causa
1068 1807 1115 1848 in
1147 1806 1321 1850 actione
1352 1806 1450 1862 ipsa
1481 1819 1535 1847 ex
1565 1803 1724 1846 habitu

232 1878 367 1920 animi
399 1891 686 1933 personarum
717 1878 848 1919 rebus
880 1877 1022 1933 gestis
1053 1877 1277 1920 concitato
1311 1876 1497 1918 oriatur.
1558 1874 1722 1930 Itaque

233 1951 312 1990 aut
334 1962 360 1989 a
382 1947 478 1989 viro
505 1946 689 1989 seducta
711 1949 781 1989 est
802 1946 859 1989 ad
881 1947 1147 2004 colloquium
1171 1949 1302 1989 extra
1333 1946 1463 1988 aedes
1488 1947 1720 1996 secretum,

234 2017 350 2075 quod
396 2020 554 2074 poetas
611 2017 796 2060 comicos
851 2017 1079 2060 interdum
1132 2016 1419 2073 usurpavisse
1474 2014 1720 2071 exemplum

232 2088 471 2130 Asinariae
516 2087 656 2140 docet,
704 2093 783 2129 aut
827 2087 953 2129 nulla
995 2102 1126 2130 causa
1170 2089 1389 2130 commota
1431 2086 1477 2127 in
1521 2099 1722 2128 scaenam

233 2158 466 2213 processit.
530 2156 727 2209 Quorum
759 2159 912 2199 utrum
942 2156 1220 2214 probabilius
1253 2156 1323 2210 sit,
1357 2170 1445 2197 non
1477 2154 1718 2206 dubitabit,

234 2227 308 2283 qui
342 2242 389 2269 re
422 2242 528 2269 vera
567 2242 660 2268 rem
701 2229 917 2269 secretam
960 2227 1034 2283 agi
1072 2227 1119 2269 in
1149 2227 1232 2270 hac
1272 2240 1430 2269 scaena
1469 2224 1720 2268 considera-

234 2297 366 2339 verit.
430 2296 675 2338 Exordium
705 2296 847 2352 igitur
868 2296 1129 2339 Perinthiae
1161 2296 1304 2339 simile
1337 2298 1437 2338 erat
1469 2295 1719 2347 Asinariae,

234 2381 320 2423 qua
351 2366 397 2409 in
429 2366 582 2408 fabula
614 2381 748 2409 senex
769 2367 1070 2410 Demaenetus
1104 2381 1282 2410 servum
1307 2366 1525 2409 Libanum
1559 2364 1721 2408 secreti

233 2435 443 2491 colloquii
474 2450 605 2478 causa
637 2435 762 2478 domo
797 2436 958 2479 educit.

350 2505 515 2548 Unicus
548 2508 697 2548 autem
728 2505 845 2562 apud
876 2505 1168 2549 Menandrum
1200 2506 1336 2557 locus,
1370 2504 1444 2561 qui
1474 2518 1590 2546 nunc
1623 2517 1719 2546 eam

233 2576 421 2618 formam
453 2574 645 2627 exhibet,
692 2589 717 2617 a
748 2575 911 2618 Plauto
945 2576 1213 2633 compositus
1255 2578 1347 2628 est,
1392 2589 1520 2631 quem
1550 2574 1596 2615 in
1627 2573 1720 2614 Au-

357 2781 390 2821 1)
418 2777 872 2822 Thesmophoriazusarum
900 2780 1085 2815 exordium
1114 2792 1185 2814 nou
1216 2779 1495 2824 comparandum
1536 2783 1600 2823 est,
1642 2785 1719 2814 cum

234 2836 430 2880 Euripides
457 2837 514 2870 τὸν
541 2838 705 2884 κηδεστὴν
731 2850 802 2872 non
829 2839 989 2883 seducat,
1017 2845 1056 2875 ut
1082 2845 1221 2875 secreto
1249 2840 1405 2882 colloqui
1432 2840 1584 2884 possint.
