1889 3284
1034 209 1089 251 30

321 324 441 365 mata
476 321 717 364 exclamat:
756 335 849 374 „me
880 320 1100 373 miseram,
1136 321 1241 378 quid
1273 336 1404 378 agam
1434 323 1622 377 110301οα,
1656 323 1816 369 deinde

321 390 525 446 exangeli
557 404 735 432 munere
767 390 989 445 fungitur.

435 460 487 501 In
520 459 666 501 Casin.
713 473 749 499 v.
783 460 867 500 875
909 458 1119 516 Olympio
1161 460 1207 501 in
1240 474 1442 503 scaenam
1483 462 1605 518 fugit
1637 464 1814 508 omnino

318 529 493 581 inscius,
533 543 641 584 „quo
665 528 840 583 fugiat“
876 531 922 570 et
957 529 1059 582 „ubi
1079 529 1251 572 lateat“
1288 533 1334 573 et
1368 530 1475 584 „hoc
1507 531 1695 575 dedecus
1727 548 1814 590 quo

318 598 445 641 modo
480 598 637 641 celet··'.
700 597 873 640 Deinde
906 612 985 640 sua
1021 598 1170 652 „facta
1198 599 1384 642 iterat“.

436 668 645 710 Eiusdem
678 667 860 710 fabulae
894 667 1050 710 similis
1083 683 1242 711 scaena
1274 671 1344 712 est
1375 685 1415 711 v.
1449 671 1532 713 621
1549 686 1601 714 ss.
1644 671 1814 715 Parda-

318 738 426 780 lisca
460 752 504 780 se
526 739 649 779 metu
670 738 967 794 perterritam
990 740 1037 780 et
1059 740 1327 781 trementem
1349 739 1394 781 in
1417 754 1619 783 scaenam
1641 741 1814 784 irruere
1846 789 1850 792 ,

318 807 449 862 fingit
480 806 892 863 paratragoedans:

491 876 740 919 .....nescio
774 876 890 919 unde
921 876 1075 930 auxili,
1107 877 1317 934 praesidi,
1352 878 1531 935 perfugi
1579 922 1587 926 ,

487 946 545 987 1111
577 949 658 988 aut
691 945 787 1001 opis
820 946 991 1002 copiam
1023 961 1274 1002 comparem
1306 949 1386 990 aut
1418 950 1663 1004 expetam.“

434 1015 487 1057 Id
520 1018 610 1058 est:
645 1014 907 1058 Pardalisca
937 1030 1154 1072 personas
1180 1016 1450 1074 Euripideas
1481 1017 1662 1061 imitata
1691 1020 1814 1062 metu

319 1084 585 1127 commoveri
615 1084 810 1138 videtur,
843 1087 897 1127 ut
928 1088 1072 1138 exeat,
1106 1100 1156 1128 re
1188 1100 1298 1129 vera
1329 1087 1465 1130 missa
1496 1090 1564 1130 est
1597 1088 1729 1143 (688),
1762 1090 1815 1131 ut

318 1153 609 1210 Lysidamum
640 1153 832 1209 ludat‘).

434 1225 487 1265 In
509 1224 691 1266 brevius
721 1226 956 1266 contracta
986 1224 1094 1267 haec
1126 1224 1270 1267 forma
1302 1225 1532 1269 invenitur
1563 1226 1609 1268 in
1630 1227 1814 1282 Hecyra

320 1293 607 1336 Terentiana.
654 1293 707 1335 In
739 1311 780 1347 v,
813 1294 898 1336 516
930 1294 1167 1349 Myrrhina
1198 1295 1331 1338 anxia
1362 1295 1613 1352 procurrit:
1652 1296 1812 1351 „Perii,

317 1363 423 1420 quid
472 1363 633 1419 agam?
681 1378 766 1420 quo
815 1378 882 1405 me
927 1364 1251 1407 vortam‘P...‘·‘
1326 1365 1497 1408 Deinde
1544 1366 1694 1422 paucis
1740 1380 1812 1410 res

316 1435 469 1489 gest-as
504 1433 661 1476 edocet
694 1435 987 1489 spectatores.

432 1502 663 1558 Euripidis
698 1502 901 1546 Orestem
946 1503 1190 1546 contulisse
1236 1503 1293 1546 ad
1335 1504 1525 1546 formam
1557 1504 1814 1548 fabularum

317 1572 584 1615 comicarum
626 1587 752 1615 nemo
797 1573 1010 1625 miratur,
1059 1573 1136 1629 qui
1178 1573 1220 1614 τὸ
1265 1575 1396 1629 δρᾶμα
1439 1579 1516 1615 τῶν
1561 1573 1622 1615 ἐπὶ
1670 1579 1813 1630 σκηνῆς

318 1642 629 1696 εὐδοκιμούντων
677 1642 749 1697 (cf.
795 1642 983 1699 argum.)
1028 1642 1169 1686 fuisse
1213 1643 1310 1686 scit.
1362 1643 1495 1699 (Vide
1534 1644 1698 1688 Philol.
1743 1645 1810 1700 60,

317 1727 356 1767 p.
391 1712 475 1754 440
494 1713 566 1766 ss.)

433 1832 467 1860 e.
513 1817 686 1860 Deinde
719 1833 816 1860 cum
843 1817 1137 1861 concitatiore
1170 1818 1306 1860 animi
1336 1818 1495 1862 habitu
1516 1835 1813 1876 personarum

317 1888 370 1929 ab
395 1886 609 1944 Euripide
631 1886 918 1930 inductarnm
947 1887 1167 1941 cohaeret,
1202 1888 1320 1944 quod
1350 1903 1581 1945 personae,
1615 1890 1653 1932 si
1683 1905 1813 1947 quem

316 1959 556 1999 venturum
597 1971 691 1999 esse
733 1960 1017 2014 exspectant,
1066 1973 1154 2000 non
1195 1957 1312 2001 domi
1343 1962 1599 2012 remanent,
1647 1959 1725 2003 sed
1766 1960 1812 2002 in

316 2040 519 2068 scaenam
550 2040 769 2082 egressae,
803 2042 908 2069 nuni
939 2041 1132 2083 persona
1164 2030 1428 2084 exspectata
1449 2028 1675 2083 adveniat,
1708 2044 1810 2085 pro—

315 2094 483 2138 vident.
547 2095 613 2138 At
656 2095 762 2139 talis
804 2096 924 2139 locus
965 2096 1084 2153 apud
1115 2096 1467 2154 Aristophanem
1499 2102 1604 2141 ante
1634 2098 1830 2141 unicum*

314 2164 458 2207 locum
490 2166 785 2222 Euripideum
815 2166 1068 2209 invenitur:

429 2236 517 2277 Av.
553 2235 676 2277 1118.
726 2234 1018 2279 Pithetaerus
1051 2236 1267 2279 sacrificio
1309 2236 1430 2279 intus
1470 2240 1653 2293 peracto
1685 2238 1808 2281 foras

314 2303 433 2346 redit
465 2308 819 2360 exspectaturus,
860 2321 964 2348 num
995 2306 1193 2359 nuntius,
1235 2306 1311 2362 qui
1342 2306 1396 2350 de
1429 2307 1656 2350 moenibus
1689 2307 1811 2350 aedi-

438 2423 469 2464 l)
497 2421 625 2464 ltaque
653 2422 749 2466 quod
775 2434 892 2467 neque
920 2434 1028 2458 causa
1057 2425 1228 2459 simulata
1253 2435 1370 2468 neque
1397 2434 1508 2459 causa
1534 2434 1629 2466 vera,
1658 2431 1811 2468 quarum

314 2484 444 2513 neutra
470 2480 604 2515 talibus
632 2482 721 2517 locis
749 2482 875 2517 deesse
902 2483 1004 2526 solet,
1033 2483 1273 2526 desideratur,
1300 2484 1420 2518 omnia
1447 2483 1557 2528 plana
1581 2488 1712 2526 essent,
1740 2484 1810 2519 nisi

314 2538 404 2571 miro
432 2537 536 2573 modo
564 2540 775 2575 Pardalisca
802 2554 830 2575 v.
860 2544 992 2584 679580
1019 2553 1058 2577 se
1083 2543 1230 2577 missam
1255 2553 1335 2577 0330
1361 2541 1605 2586 profiteretur,
1641 2546 1682 2577 ut
1709 2543 1808 2588 Lysi-

314 2596 418 2630 damo
456 2596 611 2641 diceret,
651 2604 689 2634 ut
727 2611 748 2634 a
788 2600 919 2635 Casina
962 2606 1117 2636 caveret.
1181 2602 1268 2636 Cum
1306 2602 1397 2636 haec
1434 2602 1545 2636 verba
1570 2602 1810 2637 imitationem

313 2665 536 2699 scaenarum,
574 2658 611 2691 in
649 2659 777 2702 quibus
815 2660 981 2704 exangeli
1016 2660 1206 2705 prodeunt,
1246 2661 1463 2705 perturbent
1500 2665 1535 2696 et
1567 2661 1618 2696 eis
1651 2660 1808 2696 inductis

315 2715 493 2758 colloquio
529 2717 618 2750 nihil
654 2717 757 2759 desit,
798 2729 818 2753 a
844 2718 985 2761 Plauto,
1026 2720 1087 2764 qui
1121 2720 1230 2755 etiam
1265 2720 1356 2755 alias
1383 2730 1529 2755 causam
1554 2720 1746 2764 genuinam
1772 2725 1809 2756 et

314 2783 459 2808 causam
498 2785 518 2809 a
556 2785 594 2810 se
633 2777 712 2820 ipso
751 2777 933 2812 inventam
971 2778 1066 2813 male
1105 2779 1290 2814 coniunxit
1328 2778 1425 2824 (vide
1463 2791 1496 2823 p.
1525 2780 1606 2823 64),
1661 2782 1808 2814 causam

313 2844 342 2866 v.
372 2835 503 2877 679s80
529 2835 731 2870 inconsulte
759 2835 920 2871 additam
946 2847 1025 2872 esse
1052 2842 1152 2881 puto.
