1889 3284
779 245 852 287 25

200 347 329 413 Quod
372 360 429 404 ad
471 361 647 403 unicum
690 360 807 416 apud
839 360 1164 417 Apollodorum
1205 360 1350 403 locum
1391 359 1572 412 attinety

82 429 260 488 Phorm.
294 430 389 483 728,
437 444 521 486 quo
555 429 785 486 Sophrona
818 444 1084 485 magnopere
1125 431 1397 486 perturbata
1440 431 1575 485 atque

82 499 260 543 consilii
299 499 426 556 inops
470 514 524 541 ex
566 499 747 542 aedibus
791 499 983 555 prosilit,
1029 499 1154 541 nobis
1187 499 1380 554 imagine
1412 498 1574 542 codicis

54 569 312 613 ,cuiusdam
356 568 517 624 (Bethe
560 584 602 626 p.
637 570 720 610 117
743 578 800 615 v.)
847 569 1067 611 actionem
1113 568 1381 611 histrionum
1422 572 1577 611 notam

83 653 182 682 esse
221 638 477 695 gaudemus.
553 638 651 691 Qua
694 639 740 680 in
783 638 976 694 imagine
1017 638 1174 680 nutrix
1216 652 1345 694 quam
1387 638 1576 680 maxime

84 707 311 751 concitata
350 707 546 763 porrigit
588 707 773 750 brachia
814 708 859 749 in
901 708 1062 750 latera.
1138 707 1348 764 Apparet
1391 709 1577 764 probum

84 777 352 820 histrionem
382 779 429 820 et
458 777 540 819 hoc
573 780 618 819 et
652 777 868 819 similibus
900 777 1008 819 locis
1042 791 1231 830 causam,
1281 791 1392 833 quae
1426 776 1576 819 deesse

83 846 280 898 videtur,
325 846 442 903 quod
473 847 622 889 verbis
664 861 752 888 non
784 845 963 898 dicitur,
1009 846 1185 889 actione
1218 846 1344 902 quasi
1375 861 1576 903 compen-

83 930 183 959 sare
214 916 426 972 potuisse.

201 986 378 1042 Agmen
410 985 593 1029 claudat
624 984 802 1028 fabulae
835 999 1083 1040 anonymae
1116 985 1262 1027 locus:
1315 985 1369 1027 In
1401 984 1578 1027 Trucul.

85 1071 126 1097 v.
150 1056 234 1097 322
264 1055 532 1098 Diniarchus
565 1070 661 1097 cum
694 1055 814 1097 intus
848 1054 893 1096 in
926 1054 1106 1097 aedibus
1142 1054 1376 1097 Phronesii
1409 1054 1576 1097 diutius

83 1125 127 1168 ei
157 1124 408 1167 durandum
438 1124 590 1177 fuerit,
625 1124 727 1167 dum
748 1124 966 1167 meretrix
992 1124 1131 1177 lavat,
1166 1124 1403 1181 impatiens
1426 1138 1577 1166 morae

84 1193 317 1250 egreditur
348 1194 422 1250 (cf.
454 1193 645 1250 Adelph.
679 1194 794 1249 899).

201 1264 363 1321 Itaque
394 1267 447 1307 ut
477 1264 644 1321 paucis,
678 1278 789 1320 quae
821 1263 946 1306 nobis
980 1263 1032 1306 de
1066 1263 1146 1306 hac
1170 1277 1301 1306 causa
1324 1263 1422 1306 erui
1450 1278 1578 1319 posse

85 1332 336 1387 videantur,
382 1333 741 1389 complectamur,
787 1347 921 1375 causa
961 1334 1016 1376 ab
1047 1332 1264 1389 Euripide
1305 1333 1488 1376 inventa
1533 1335 1578 1375 et

84 1403 142 1445 ad
173 1417 336 1459 graves
381 1406 426 1446 et
458 1402 670 1446 molestos
705 1402 840 1445 animi
871 1406 1016 1445 motus
1050 1403 1327 1459 affectusque
1363 1402 1577 1453 adhibita,

85 1473 141 1515 ab
174 1472 481 1529 Aristophane
513 1472 674 1528 grandi
717 1472 891 1514 dicendi
931 1487 1095 1528 genere
1136 1475 1284 1515 amoto
1327 1472 1579 1515 comoediae

84 1541 318 1599 adaptata,
365 1557 392 1585 a
422 1541 596 1585 comicis
638 1542 862 1585 interdum
904 1542 960 1584 ad
1001 1541 1123 1584 aliud
1163 1557 1303 1597 genus
1337 1542 1578 1585 affectuum
1634 1543 1642 1550 ’

85 1611 313 1654 translata
345 1614 425 1654 est.
487 1612 559 1654 Ab
592 1611 809 1668 Euripide
850 1626 1039 1667 perraro
1080 1615 1300 1668 usurpata
1341 1611 1458 1668 apud
1490 1611 1580 1654 Me-

85 1680 306 1724 nandrum
337 1696 467 1737 saepe
499 1681 748 1723 invenitur:
795 1683 929 1737 atque
972 1696 1020 1724 eo
1063 1681 1263 1724 crebrius
1306 1681 1496 1724 comicus
1531 1695 1581 1724 ea

85 1765 192 1793 usus
224 1753 424 1807 est‚.qu0
456 1750 606 1807 plures
639 1750 816 1793 fabulae
848 1765 921 1793 res
954 1766 1042 1793 non
1073 1751 1120 1793 in
1143 1765 1312 1805 scaena,
1350 1751 1425 1794 sed
1456 1751 1579 1793 intus

85 1823 242 1876 gestae
275 1823 398 1874 sunt;
433 1820 554 1863 cuius
587 1820 654 1862 rei
686 1820 854 1862 clarum
888 1822 1077 1876 praebet
1109 1820 1357 1877 exemplum
1378 1821 1578 1877 Discept.

83 1889 254 1942 fabula,
287 1905 341 1932 ex
372 1889 494 1932 cuius
526 1889 794 1945 fragmentis
827 1905 903 1932 sex
936 1889 1054 1932 locos
1088 1905 1224 1946 supra
1256 1890 1393 1933 attuli
1411 1890 1457 1945 l).

201 1997 242 2038 b.
290 1995 402 2038 Eum
442 1996 518 2052 qui
557 1995 641 2037 huc
681 2010 820 2052 usque
852 1995 934 2038 hoc
966 1995 1224 2052 opusculum
1256 1995 1442 2051 legerit,
1492 2010 1579 2037 non

83 2064 301 2121 effugisse
331 2067 440 2121 puto
472 2065 618 2108 locum
649 2065 824 2108 Mer-cat
851 2066 935 2107 588
951 2080 1006 2108 ss.
1040 2080 1177 2122 supra
1209 2065 1398 2108 allatum
1430 2064 1581 2121 aliqua

84 2133 263 2177 ratione
294 2134 477 2177 differre
509 2150 536 2178 a
567 2135 792 2191 plerisque
825 2135 878 2177 de
901 2135 1059 2192 quibus
1083 2135 1313 2191 disputavi
1344 2135 1453 2177 locis
1487 2137 1580 2177 tra-

82 2203 272 2260 goediae
316 2206 363 2247 et
402 2204 664 2247 comoediae.
738 2204 957 2247 Charinus
1002 2205 1115 2247 enim
1161 2220 1248 2247 non
1294 2204 1582 2247 solitudinem

87 2273 279 2330 quaerit,
313 2273 389 2316 sed
410 2274 610 2331 inquiete
635 2274 769 2316 animi
798 2274 844 2315 in
865 2274 1001 2317 alium
1023 2274 1168 2316 locum
1191 2289 1245 2317 ex
1267 2274 1355 2316 alio
1378 2273 1579 2330 pellitur.

31 2374 34 2375 ν
85 2342 155 2386 Ea
185 2357 319 2386 causa
349 2343 575 2394 introitus,
624 2358 736 2400 quae
779 2344 870 2386 sine
913 2343 1045 2385 dubio
1090 2359 1143 2386 ex
1177 2344 1359 2399 egregia
1390 2343 1582 2400 quadam

85 2412 223 2455 animi
252 2413 431 2455 humani
475 2413 791 2455 observatione
836 2416 939 2455 orta
983 2416 1065 2463 est,
1113 2429 1201 2455 non
1244 2413 1385 2469 magis
1428 2413 1582 2456 comici

86 2484 160 2524 est
203 2482 436 2525 inventum
481 2497 611 2539 quam
662 2483 742 2525 illa
794 2497 924 2539 quam
970 2482 1171 2539 proximo
1223 2483 1319 2525 loco
1364 2483 1578 2525 tractavi.

86 2551 238 2594 Etiam
270 2551 378 2595 haec
409 2567 463 2595 ex
494 2552 733 2608 tragoedia
765 2551 1012 2608 Euripidea
1048 2553 1094 2594 in
1127 2552 1395 2595 comoediam
1427 2557 1577 2595 trans-

85 2620 184 2663 lata
215 2624 306 2664 est:

204 2690 384 2747 Hippol.
419 2691 514 2733 176.
560 2690 765 2734 Phaedra
796 2691 1009 2746 languida
1040 2691 1086 2733 in
1116 2691 1234 2734 lecto
1266 2691 1414 2734 iacens
1445 2706 1470 2734 a
1502 2707 1579 2733 nu-

88 2760 202 2802 trice
244 2774 298 2802 ex
340 2760 522 2803 aedibus
554 2766 780 2816 portatur,
826 2761 943 2817 quod
985 2761 1121 2803 animi
1152 2761 1436 2817 perturbatio
1484 2776 1580 2804 eam

212 2871 246 2915 l)
275 2870 320 2904 cf.
348 2870 434 2912 Leo,
462 2871 642 2915 Monolog.
671 2883 704 2915 p.
732 2873 775 2906 39
804 2870 925 2906 adnot.
957 2875 984 2905 1.
