1889 3284
1039 219 1096 260 28

328 544 502 586 omnino
537 543 699 596 deesse²
734 543 822 585 viri
854 542 976 585 docti
998 543 1205 586 commoti
1237 546 1354 597 sunt,
1388 545 1439 585 ut
1461 558 1638 586 causam
1669 542 1820 586 aditus

327 614 549 656 curarent.
612 612 854 655 Nencinius
887 628 928 669 p.
965 613 1046 655 142
1080 613 1291 655 Demeam
1323 627 1421 654 cum
1469 614 1548 667 „ab
1581 612 1707 655 domo
1742 627 1822 655 sua
1871 627 1880 654 ι·

328 685 373 725 et
406 697 539 738 opere
572 682 740 724 rustico
772 681 905 738 longe
938 682 1069 735 absit,
1102 697 1189 724 uno
1221 681 1317 724 loco
1352 682 1545 725 otiosum
1575 681 1823 725 consistere
1884 710 1889 738 «Ι

327 751 538 808 nequire“
575 751 708 805 dicit;
743 765 856 808 quae
890 766 1022 793 causa
1045 751 1222 807 longius
1246 751 1464 794 arcessita
1495 753 1576 804 est,
1610 766 1740 808 quam
1770 752 1824 794 ut
1872 767 1882 773 ’

328 822 423 863 veri
468 821 623 863 similis
668 820 814 863 videri
857 821 1013 877 possit.
1086 820 1373 877 Spengelium
1416 823 1566 863 autem
1607 836 1703 863 cum
1734 821 1823 864 De-
1874 832 1877 835 “

328 905 467 933 meam
500 891 623 933 exire
665 890 888 946 opinatur,
935 889 1053 947 quod
1094 890 1134 932 ei
1176 890 1390 933 convivae
1422 890 1611 933 maxime
1643 889 1823 933 cithari-

329 960 445 1003 stria
477 960 758 1017 displiceant,
805 960 1046 1016 neglegere
1088 962 1197 1016 puto
1230 959 1521 1002 Menandrum
1554 959 1626 1001 vel
1658 959 1823 1002 Teren-
1873 956 1889 970 ⁴

327 1030 440 1072 tium
461 1030 539 1072 vix
555 1029 694 1072 talem
718 1029 990 1072 occasionem
1019 1044 1190 1071 morum
1213 1029 1605 1072 describendorum
1624 1031 1824 1085 praeter·
1887 1046 1889 1052 ·

328 1100 566 1141 missurum
587 1100 739 1142 fuisse.
775 1099 913 1141 Immo
937 1099 1104 1142 Demea
1125 1100 1257 1141 rebus
1280 1098 1326 1140 in
1349 1113 1507 1141 scaena
1528 1098 1656 1141 modo
1680 1098 1822 1154 gestis

330 1169 561 1221 adductus,
606 1171 657 1211 ut
701 1168 755 1210 de
798 1168 956 1210 fratris
998 1170 1044 1210 et
1085 1168 1138 1210 de
1181 1182 1260 1211 sua
1300 1168 1441 1225 ipsius
1483 1168 1661 1210 ratione
1702 1167 1826 1211 vitae

330 1239 515 1293 cogitet,
549 1238 595 1279 in
628 1251 787 1280 scaena
819 1252 962 1280 vacua
993 1237 1151 1280 melius
1183 1252 1316 1294 quam
1346 1238 1393 1279 in
1425 1237 1629 1280 convivio
1655 1237 1826 1294 cogita-
1875 1230 1886 1290 f

333 1308 530 1349 tionibus
564 1323 608 1350 se
642 1307 747 1350 dare
779 1310 943 1363 potest.
997 1307 1244 1349 Praeterea
1274 1307 1362 1350 iam
1395 1309 1627 1350 structura
1650 1309 1826 1349 senten·
1875 1298 1878 1304 ¹

333 1377 499 1419 tiarum
531 1377 742 1433 proditur
773 1391 906 1419 causa
938 1376 1143 1419 adeundi.

450 1446 726 1489 Fabularum
757 1460 1079 1502 anonymarum
1110 1446 1195 1488 huc
1225 1446 1457 1502 pertinent
1488 1445 1573 1487 duo
1606 1445 1715 1488 loci:

447 1517 501 1558 ln
524 1516 653 1572 Epid.
679 1517 735 1572 (v.
762 1516 861 1568 382)
885 1515 1160 1571 Periphanes
1183 1530 1322 1572 aeque
1344 1519 1480 1571 atque
1502 1514 1824 1568 adulescentes,

330 1601 438 1642 quos
478 1585 672 1628 Philemo
717 1586 859 1638 finxit,
905 1586 949 1627 in
994 1599 1195 1628 scaenam
1235 1585 1388 1641 prodit
1420 1599 1566 1628 secum
1609 1585 1824 1641 reputans
1883 1610 1887 1615 ·

330 1655 383 1698 de
416 1656 639 1699 hominum
671 1658 717 1698 et
751 1670 829 1698 sua
862 1655 1001 1712 ipsius
1035 1654 1304 1697 condicione.
1875 1648 1889 1710 J

446 1726 499 1767 ln
532 1725 759 1781 Amphitr.
793 1725 876 1766 633
908 1725 1155 1767 Alcumena
1187 1718 1318 1781 quam
1350 1738 1507 1780 expers
1538 1723 1825 1779 voluptatum

330 1794 374 1836 in
418 1810 582 1850 genere
627 1795 686 1837 sit
730 1794 827 1837 vita
872 1795 1063 1837 humana
1095 1794 1328 1847 deliberat,
1377 1794 1494 1850 quod
1537 1793 1704 1836 dictum
1745 1806 1825 1834 sua
1875 1809 1885 1832 π

331 1865 428 1907 Vita
462 1866 637 1920 probat.
700 1864 797 1906 Hoc
840 1863 1060 1906 canticum
1102 1863 1188 1906 etsi
1220 1863 1413 1906 Leonem
1455 1862 1596 1905 secuti
1641 1860 1826 1918 (Nachr.
1880 1890 1885 1903 .

332 1934 411 1976 der
443 1933 551 1990 Kgl.
587 1933 832 1977 Gesellseh.
867 1933 946 1976 der
979 1932 1113 1976 Wiss.
1160 1932 1287 1975 Gott.
1321 1932 1554 1989 phil.-hist.
1587 1931 1664 1973 Kl.
1700 1931 1825 1985 1911,
1885 1971 1888 1973 ,

330 2019 371 2060 p.
405 2003 506 2058 ⁴256)
540 2003 752 2046 Plautum
784 2003 927 2060 ipsum
968 2003 1120 2059 paucis
1162 2002 1207 2044 in
1240 2001 1485 2058 exemplari
1518 2001 1692 2045 Graeco
1726 2015 1825 2043 ver-

332 2073 451 2115 sibus
484 2088 611 2115 usum
643 2072 802 2115 fecisse
833 2075 1055 2129 putamus,
1097 2074 1248 2115 tamen
1281 2071 1493 2127 exemplis
1526 2070 1645 2128 apud
1676 2069 1826 2113 Phile·
1884 2094 1887 2099 ··

331 2157 504 2184 monem
536 2145 583 2184 et
614 2142 907 2185 Menandrum
946 2145 992 2185 et
1024 2142 1071 2183 in
1101 2141 1288 2198 Epidico
1322 2141 1540 2184 similibus
1573 2140 1828 2183 ostenditur

332 2227 509 2255 causam
551 2212 801 2268 profectam
844 2226 938 2255 esse
984 2227 1037 2254 ex
1079 2211 1235 2254 fabula
1267 2210 1462 2265 Graeca;
1511 2210 1556 2252 in
1597 2224 1684 2266 qua
1715 2211 1827 2266 quot
1883 2212 1889 2252 ,ἶ

330 2296 538 2324 versuum
582 2281 865 2338 soliloquium
910 2282 1104 2324 fortasse
1148 2280 1310 2335 fuerit,
1359 2280 1606 2337 exemplum
1649 2278 1827 2336 Epidici
1878 2289 1880 2291 ’

333 2351 519 2404 ἂοορΐῑ)

448 2467 487 2509 d.
532 2467 683 2510 Etiam
714 2468 759 2509 in
791 2471 912 2511 metu
945 2482 1078 2511 causa
1109 2467 1259 2511 aditus
1284 2466 1564 2523 depingenda
1586 2465 1824 2523 Euripides

334 2537 459 2579 velut
500 2537 718 2592 magister
762 2538 1026 2580 comicorum
1069 2537 1168 2580 fuit.
1243 2536 1343 2579 Non
1386 2551 1471 2593 quo
1515 2538 1675 2592 poetae
1719 2538 1825 2579 ante
1881 2551 1889 2564 ··

456 2670 488 2709 1⁴)
517 2666 636 2699 Etiam
664 2676 781 2707 cocus⁷
811 2667 871 2708 qui
898 2666 933 2699 in
960 2665 1125 2700 Alexidis
1153 2665 1197 2699 fr.
1231 2667 1295 2699 186
1323 2664 1495 2708 loquitur,
1523 2669 1558 2699 et
1584 2665 1722 2699 iuvenis
1748 2665 1826 2709 phi-

332 2726 516 2769 losoplius⁷
545 2725 644 2759 cuius
672 2725 781 2759 verba
809 2729 892 2759 sunt
919 2725 963 2758 fr.
992 2725 1156 2769 adespot.
1179 2726 1254 2767 104,
1283 2723 1514 2759 solitudinem
1541 2724 1759 2768 petiverunt,
1785 2727 1825 2758 ut
1883 2738 1885 2754 s

333 2784 614 2829 cogitationibus
643 2794 680 2818 se
707 2784 845 2818 darent.
899 2784 968 2818 Sed
997 2795 1067 2827 qua
1093 2785 1234 2818 ratione
1266 2784 1354 2818 haec
1381 2782 1587 2827 fragmenta
1615 2784 1693 2817 eum
1720 2782 1827 2817 Euri-

332 2844 416 2889 pide
444 2844 673 2886 cohaereant,
702 2853 771 2876 non
800 2848 964 2887 apparet.
