1889 3284
1044 225 1098 266 14

442 341 537 395 Iam
567 355 654 381 non
676 354 920 396 possumus,
953 339 1059 396 quin
1080 339 1341 396 Euripidem
1363 339 1544 382 illorum
1565 339 1814 382 comoediae

326 409 523 452 locorum
570 409 795 465 exemplar
834 408 972 452 fuisse
1013 423 1278 452 censeamus.
1352 409 1568 465 Tragicus
1614 408 1815 465 exempla

326 479 554 521 variorum
576 479 817 521 affectuum
841 478 1197 534 effingendorum
1218 479 1391 521 invenit
1422 493 1510 521 non
1543 478 1685 521 solum
1716 478 1815 522 dra-

325 549 447 600 mati,
501 548 577 590 sed
621 548 821 590 omnibus
867 548 1125 590 litterarum
1167 548 1420 604 generibus.
1494 548 1666 591 Nostra
1706 562 1815 592 vero

324 618 516 660 interest
556 617 721 669 videre,
768 617 985 673 quomodo
1018 618 1184 660 affectu
1215 632 1321 660 usus
1367 617 1440 671 sit,
1485 619 1537 660 ut
1579 617 1816 660 introitum

325 701 616 742 personarum
648 687 877 742 probaret.

442 770 479 798 a.
524 755 777 798 Identidem
811 770 1024 812 personas
1059 755 1242 809 inducit,
1275 770 1387 811 quae
1419 756 1597 809 affectu,
1631 758 1683 798 ut
1715 770 1815 813 pro-

326 825 461 868 deant
494 828 540 868 et
571 825 774 868 miserias
807 840 909 868 suas
942 828 1146 877 narrent,
1190 828 1534 879 commoventur,
1566 840 1709 882 neque
1740 825 1816 868 ho-

330 895 468 937 mines
502 897 642 937 testes
677 894 880 937 dolorum
911 895 1096 949 faciunt,
1132 894 1208 937 sed
1240 894 1539 949 solitudinem,
1572 920 1629 925 —-
1660 895 1814 951 itaque

331 979 502 1020 semper
534 964 580 1006 in
613 978 816 1006 scaenam
847 978 1032 1007 vacuam
1053 964 1299 1018 introeunt,
1334 990 1388 994 —
1421 967 1467 1007 et
1498 965 1709 1007 invocant
1738 978 1815 1008 na-

328 1037 477 1076 turam
510 1036 557 1076 et
589 1034 822 1076 elementa.

440 1103 615 1146 Primus
659 1104 752 1145 eius
796 1103 915 1145 modi
958 1103 1079 1146 locus
1125 1105 1171 1146 et
1211 1118 1264 1146 ex
1307 1103 1503 1159 antiquis
1543 1103 1817 1160 temporibus

325 1173 709 1229 praeclarissimus
738 1177 806 1215 est
827 1172 1043 1230 prologus
1066 1172 1262 1226 Medeae,
1294 1173 1340 1214 in
1372 1187 1458 1230 qua
1484 1187 1642 1216 scaena
1662 1172 1816 1216 nutrix

325 1242 506 1285 Medeae
539 1242 691 1285 dolore
723 1244 770 1284 et
790 1256 992 1285 maerore
1015 1244 1295 1299 perturbata,
1329 1257 1426 1285 cum
1458 1242 1632 1285 omnino
1665 1242 1816 1285 amicis

327 1315 491 1366 careat,
526 1315 678 1355 terrae
711 1314 756 1355 et
786 1312 907 1355 caelo
931 1312 1134 1354 dominae
1156 1326 1228 1355 res
1250 1311 1460 1355 adversas
1483 1314 1664 1355 narrat:
1699 1328 1739 1356 v.
1763 1312 1818 1355 56

604 1389 685 1441 ἐγὼ
718 1388 792 1443 γὰρ
826 1389 864 1434 ἐς
897 1388 998 1428 τοῦτ’
1033 1388 1216 1444 ἐκβέβηκ’
1252 1388 1482 1442 ἀλγηδόνος,

605 1458 705 1498 ὥσθ’
739 1456 872 1513 ἵμερος
907 1458 943 1513 μ’
980 1458 1135 1513 ὑπῆλθε
1167 1464 1218 1513 γῇ
1250 1474 1290 1498 τε
1322 1458 1503 1514 κούρανῷ

599 1528 710 1573 ’λέξαι
746 1528 921 1583 μολούσῃ
958 1529 1072 1584 δεῦρο
1106 1528 1312 1583 δεσποίνης
1346 1528 1467 1583 τύχας
1484 1527 1527 1583 1).

329 1601 552 1645 Scholium
594 1604 650 1646 ad
694 1620 734 1646 v.
768 1605 822 1646 57
868 1604 1133 1647 adnotatum
1176 1604 1335 1646 laudat
1378 1596 1575 1646 causam:
1628 1605 1758 1649 καλῶς
1798 1604 1818 1643 ὁ

330 1671 544 1728 Εὐριπίδης
580 1674 795 1729 μεμίμηται
826 1674 912 1720 τοὺς
953 1675 991 1715 ἐν
1039 1674 1225 1729 μεγάλαις
1260 1674 1485 1729 δυστυχίαις
1516 1673 1819 1729 ἐξεταζομένους

329 1741 393 1782 καὶ
437 1742 572 1797 μηδενὶ
612 1748 689 1784 τῶν
731 1744 955 1798 ἀνθρώπων
999 1746 1238 1799 θαρροῦντας
1270 1744 1507 1797 ἀπαγγεῖλαι
1539 1742 1587 1784 τὰ
1619 1744 1819 1799 δυστυχή-

331 1828 432 1866 ματα
456 1846 464 1854 .
489 1847 497 1855 .
523 1847 531 1856 .
556 1813 661 1854 οὖτοι
693 1812 766 1868 γὰρ
801 1817 951 1854 σιωπᾶν
983 1812 1050 1860 τὰς
1085 1812 1382 1869 συμφορὰςΙμὴ
1417 1812 1624 1868 δυνάμενοι
1654 1812 1720 1854 καὶ
1751 1812 1819 1853 λέ-

329 1898 408 1935 γειν
454 1884 677 1937 ἀνθρώποις
721 1883 961 1939 φοβούμενοι
1003 1879 1158 1939 οὐρανῷ
1201 1886 1226 1938 ἢ
1260 1877 1309 1938 ff,
1342 1886 1367 1938 ἢ
1411 1884 1517 1929 θεοῖς
1558 1881 1689 1929 ἄλλοις
1729 1884 1818 1937 διη-

328 1956 498 2005 γοῦνται.

443 2022 626 2065 Affect'u
669 2022 805 2065 etiam
846 2022 1123 2079 Hippolytus
1168 2038 1210 2065 V.
1243 2023 1326 2065 601
1359 2037 1415 2065 ss.
1460 2021 1721 2078 impellitur,
1765 2023 1818 2065 ut

327 2094 518 2133 naturae
550 2094 782 2148 queratur,
817 2106 947 2149 quam
977 2092 1159 2135 invocat

606 2164 637 2202 ὦ
671 2165 765 2216 γαῖα
799 2167 919 2217 μῆτερ
951 2162 1066 2217 ἡλίου
1098 2162 1128 2203 τ’
1165 2162 1400 2216 ἀναπτυχαί,

607 2231 698 2272 οἵων
731 2233 859 2286 λόγων
893 2231 1060 2288 ἄρρητον
1094 2232 1292 2287 εἰσήκουσ’
1328 2232 1417 2275 ὅπα.

329 2299 571 2356 Postquam
602 2302 759 2344 nutrix
792 2302 1023 2344 Phaedrae
1055 2316 1127 2345 res
1160 2301 1386 2344 inauditas
1418 2317 1515 2344 cum
1546 2316 1596 2344 eo
1630 2315 1817 2343 commu-

328 2369 498 2412 nicavit
529 2375 574 2412 et
605 2386 702 2413 eum
734 2372 779 2414 in
811 2375 1017 2428 stuprum
1038 2371 1208 2414 illicere
1232 2371 1419 2425 studuit,
1453 2386 1480 2414 a
1509 2371 1595 2414 tali
1615 2370 1818 2428 nequitia

329 2438 572 2482 abhorrens
604 2441 747 2482 animo
780 2456 912 2497 quam
942 2441 1130 2484 maxime
1162 2444 1378 2484 commoto
1418 2456 1472 2483 ex
1503 2440 1685 2484 aedibus
1717 2455 1819 2496 pro-

329 2508 487 2551 currit.
550 2509 638 2551 Sed
681 2525 726 2552 se
770 2510 858 2552 luci
900 2513 945 2553 et
977 2514 1128 2554 terrae
1159 2525 1272 2568 quae
1306 2510 1391 2554 sibi
1422 2510 1665 2554 acciderint
1696 2510 1817 2553 dete-

328 2591 433 2632 gere
474 2578 590 2620 velle
630 2593 717 2620 non
759 2580 928 2635 apertis
961 2581 1108 2623 verbis
1142 2580 1274 2632 dicit,
1319 2580 1436 2636 quod
1466 2580 1607 2636 magis
1641 2581 1817 2635 pertur-

328 2648 459 2689 batus
493 2650 573 2701 est,
607 2663 737 2705 quam
768 2652 820 2691 ut
842 2664 1020 2693 causam
1041 2650 1191 2693 aditus
1226 2650 1450 2707 explicare
1481 2650 1633 2707 possit.
1681 2649 1817 2693 Prae-

452 2790 484 2827 1)
513 2788 614 2822 Hanc
642 2799 786 2823 causam
814 2790 951 2825 Ennius
984 2791 1122 2835 recepit
1158 2790 1203 2825 cf.
1242 2790 1286 2825 fr.
1313 2791 1365 2825 III
1392 2790 1542 2826 Medeae
1569 2770 1684 2825 exulis
1711 2802 1744 2835 p.
1772 2791 1815 2824 51

328 2846 434 2880 Ribb.
