1889 3284
990 174 1015 215 6

375 293 499 347 Ergo
532 294 579 334 et
609 291 656 332 in
686 291 817 345 Auge
840 288 1088 346 Euripidea
1119 291 1165 331 et
1196 289 1242 331 in
1268 288 1636 345 Disceptantibus
1659 287 1749 330 Me-

259 361 457 404 nandrea
489 361 618 415 virgo
652 359 816 416 aliqua,
865 358 968 401 dum
1008 360 1233 401 nocturna
1265 372 1394 401 sacra
1424 357 1659 414 agitantur
1689 357 1747 412 (v.

260 432 380 473 Disc‚
413 446 453 473 v.
486 430 569 471 235
588 430 650 485 s),
696 443 722 470 a
754 428 849 471 viro
893 428 1017 471 ebrio
1049 428 1107 483 (v.
1139 427 1257 471 Disc.
1291 428 1392 481 255)
1423 427 1629 481 vitiatur,
1675 426 1752 483 qui

261 499 440 543 anulum
473 499 517 540 in
548 498 748 540 manibus
779 497 956 554 puellae
981 497 1136 551 „huius
1156 497 1275 540 furti
1295 500 1483 540 testem“
1518 496 1749 552 relinquit.

261 569 369 612 Cum
402 583 454 611 ex
487 568 553 610 his
586 569 717 610 rebus
750 567 928 609 fabulas
962 567 1152 623 quodam
1192 566 1321 609 modo
1364 566 1486 609 inter
1519 581 1565 608 se
1596 565 1751 608 cohae-

261 653 362 681 rere
386 638 482 680 veri
514 637 654 679 simile
686 636 780 688 fiat,
814 641 965 679 tamen
998 651 1070 679 eas
1102 651 1190 678 non
1220 636 1365 679 artius
1386 635 1506 678 inter
1528 650 1575 678 se
1596 635 1751 678 cohae-

260 723 359 751 rere
393 707 692 750 existimarem
723 720 854 762 quam
886 720 982 748 cum
1014 705 1176 748 ceteris
1208 705 1388 756 fabulis,
1429 705 1475 747 in
1507 705 1664 761 quibus
1697 703 1752 746 de

262 780 416 833 stupro
466 776 637 818 furtivo
685 775 854 831 agitur,
902 775 991 817 nisi
1038 779 1208 818 certum
1254 775 1464 818 indicium
1508 774 1750 817 accederet.

260 847 416 903 Neque
447 845 561 888 enim
583 845 702 887 forte
722 845 893 887 factum
916 859 1012 887 esse
1032 847 1154 901 puto,
1188 848 1240 887 ut
1261 845 1308 887 in
1329 845 1428 901 ipsa
1448 843 1753 900 recognitione

259 916 438 959 fabulae
470 914 784 966 Menandreae,
831 917 1069 971 postquam
1111 929 1182 957 res
1213 914 1295 957 illa
1325 917 1457 957 nocte
1501 917 1658 969 gestae
1698 912 1753 955 si·-

260 986 498 1042 gnificatae
532 987 649 1036 sunt,
695 985 832 1027 verba
865 999 918 1026 ex
950 985 1083 1040 Auge
1116 984 1350 1040 desumpta
1382 985 1631 1033 occurrant,
1677 982 1753 1025 sed

260 1055 549 1098 Menandrum
579 1054 647 1096 his
680 1054 829 1097 verbis
873 1054 1003 1111 quasi
1048 1053 1192 1110 digito
1236 1056 1508 1096 monstrasse
1547 1054 1752 1110 apparet,

262 1140 307 1168 se
351 1125 529 1180 fabulae
562 1124 834 1180 Euripideae
879 1123 1132 1166 meminisse
1176 1126 1223 1166 et
1268 1123 1352 1166 sibi
1394 1123 1615 1166 conscium
1659 1136 1754 1165 esse

260 1194 540 1237 imitationis.
605 1194 676 1236 lta
720 1194 933 1236 comicum
966 1195 1021 1236 ab
1053 1192 1286 1250 Euripidis
1331 1192 1607 1249 argumentis
1652 1206 1756 1248 pen-

261 1264 365 1307 dere
384 1263 697 1320 reputantibus
721 1263 848 1306 nobis
866 1278 956 1305 non
973 1262 1061 1305 iam
1083 1263 1243 1304 mirum
1265 1265 1348 1313 est,
1371 1262 1487 1318 quod
1508 1260 1754 1304 Menander

261 1333 396 1376 etiam
428 1336 572 1375 artem
603 1331 831 1389 Euripidis
880 1335 1056 1375 secutus
1101 1334 1194 1386 est3
1241 1334 1287 1375 et
1330 1331 1384 1374 de
1417 1331 1577 1374 ceteris
1608 1330 1754 1387 poetis

260 1417 401 1445 novae
435 1402 684 1446 comoediae
716 1401 833 1444 idem
862 1401 949 1444 dici
970 1401 1116 1444 debet.
1180 1401 1308 1454 Quod
1330 1416 1427 1443 cum
1448 1401 1535 1443 iam
1567 1401 1621 1443 ab
1653 1398 1755 1442 aliis

261 1473 308 1514 in
338 1473 437 1515 aliis
470 1474 599 1514 rebus
631 1471 990 1514 demonstratum
1021 1471 1093 1525 sit,
1126 1471 1252 1514 nobis
1284 1471 1330 1513 in
1361 1470 1505 1513 causis
1537 1469 1753 1512 introitus

262 1556 553 1598 personarum
575 1542 831 1584 accuratius
856 1541 1093 1584 ostendere
1119 1541 1400 1598 propositum
1421 1542 1501 1593 est,
1535 1542 1582 1582 et
1604 1553 1754 1596 quam-

263 1612 331 1654 vis
364 1612 410 1653 in
442 1627 490 1654 re
522 1611 756 1663 minutula,
802 1613 953 1654 tamen
983 1610 1272 1653 manifestum
1304 1610 1402 1653 fore
1435 1624 1577 1666 sper-0,
1624 1623 1756 1666 quam

264 1684 364 1724 arte
396 1681 633 1736 tragoedia
664 1683 711 1724 et
741 1680 969 1724 comoedia
1001 1695 1117 1723 nova
1148 1680 1269 1723 inter
1303 1695 1350 1723 se
1381 1679 1660 1723 cohaereant.

381 1751 481 1794 Non
512 1754 678 1794 temere
700 1750 795 1793 dixi
816 1765 970 1793 causas
1002 1750 1221 1792 introitus
1252 1764 1543 1806 personarum
1570 1748 1756 1804 exiguas

266 1835 359 1863 esse
391 1835 481 1871 res3
527 1836 623 1863 cum
655 1820 707 1862 de
740 1820 920 1863 fabulae
963 1820 1139 1862 virtute
1184 1820 1430 1876 quaeritur,
1473 1834 1563 1861 non
1607 1818 1758 1874 magni

265 1890 467 1943 interest,
491 1893 644 1932 utrum
664 1892 800 1947 poeta
822 1904 979 1933 causas
1003 1889 1196 1932 adeundi
1216 1888 1385 1932 indicet
1405 1903 1564 1943 necne;
1597 1902 1757 1931 causae

266 1960 381 2003 enim
413 1960 506 2002 fere
537 1975 625 2002 non
657 1975 709 2002 ex
741 1960 922 2016 ingenio
951 1959 1140 2016 poetico,
1175 1959 1253 2002 sed
1285 1973 1339 2002 ex
1369 1958 1545 2001 ratione
1576 1957 1758 2000 iudicio-

267 2044 350 2085 que
382 2029 611 2083 oriuntur;
656 2030 809 2086 itaque
854 2045 937 2086 pro
982 2032 1148 2072 natura
1179 2031 1226 2071 et
1256 2028 1435 2084 ingenio
1479 2030 1639 2084 poetae
1683 2042 1756 2070 eas

266 2101 605 2141 tractaverunt:
652 2098 1002 2156 Shakespearius
1047 2098 1464 2156 praestantissimus
1507 2097 1584 2140 ille
1623 2099 1760 2154 poeta

267 2168 556 2210 Britannicus
594 2183 803 2224 personas
849 2169 896 2210 in
939 2182 1142 2211 scaenam
1186 2167 1322 2221 ducit,
1368 2182 1465 2210 cum
1496 2181 1571 2210 eas
1601 2167 1758 2210 adesse

269 2252 378 2294 opus
412 2240 493 2290 est,
537 2252 625 2279 non
667 2238 809 2281 multa
853 2253 998 2281 secum
1030 2238 1084 2280 de
1116 2251 1250 2281 causa
1280 2237 1496 2280 introitus
1527 2239 1756 2293 reputans,

269 2309 405 2363 atque
437 2306 695 2359 Schillerus‚
741 2322 913 2364 semper
944 2307 1056 2350 nihil
1089 2310 1297 2364 spectans
1328 2307 1418 2349 nisi
1450 2320 1640 2349 summas
1671 2320 1756 2359 res,

270 2391 347 2419 suo
381 2375 569 2418 arbitrio
601 2391 756 2419 causas
789 2377 990 2433 neglegit
1022 2377 1096 2420 vel
1126 2380 1277 2431 curat3
1310 2375 1503 2419 Hebbeli
1533 2377 1680 2419 autem
1713 2375 1760 2418 111

269 2444 434 2487 fabulis
467 2448 673 2488 accurate
706 2460 865 2489 causae
898 2447 1090 2490 adeundi
1122 2446 1394 2499 indicantur,
1440 2448 1492 2488 ut
1523 2448 1594 2488 est
1623 2447 1761 2502 poeta

269 2514 446 2557 ratione
476 2514 660 2570 fingens.

271 2621 373 2663 Auge
400 2617 526 2653 fabula
552 2618 749 2662 Euripidea
789 2620 969 2663 cogitavit.
1022 2620 1158 2654 Tamen
1195 2631 1267 2654 non
1308 2620 1424 2654 solum
1448 2618 1760 2663 VVilamowitzius,

272 2678 336 2713 sed
362 2679 469 2713 etiam
495 2678 698 2712 Meinekius
739 2687 836 2712 recte
875 2683 1076 2722 senserunt,
1116 2679 1255 2714 scilicet
1292 2683 1544 2723 argumentum
1570 2682 1607 2713 et
1632 2677 1679 2712 ad
1705 2677 1758 2713 fa-

270 2737 393 2772 hulam
420 2736 656 2780 Euripideam
681 2736 837 2779 aliquam
875 2745 908 2771 et
936 2737 981 2771 ad
1009 2737 1229 2773 comoediam
1265 2742 1389 2783 aptum
1417 2741 1473 2773 est
1500 2742 1536 2772 et
1561 2747 1690 2782 revera
1716 2737 1755 2771 in

271 2801 427 2840 utroque
452 2805 583 2840 genere
608 2794 807 2829 adhibitum
836 2805 899 2830 est.
