1889 3284
1003 222 1059 263 48

402 336 579 378 Hercul.
614 336 739 377 1163.
803 335 999 379 Theseus
1033 336 1150 393 quod
1181 352 1356 380 rumore
1396 338 1568 394 accepit
1599 337 1772 393 Lycum

283 421 379 448 cum
409 407 543 460 gente
575 405 784 448 Herculis
816 420 1018 461 pugnare
1051 421 1147 448 cum
1178 407 1315 462 copiis
1348 407 1547 450 advolat.

397 474 542 517 Orest.
578 475 700 517 1554.
765 475 991 517 Menelaus
1039 475 1093 518 de
1138 475 1312 518 Orestis
1360 476 1556 520 facinore
1605 477 1772 520 certior

281 546 427 586 sactus
460 543 672 586 accurrit.

398 613 506 655 Cum
536 612 604 655 his
637 613 745 656 locis
769 613 971 655 conferas
995 613 1106 656 Cist.
1129 629 1170 657 v.
1196 615 1292 666 774,
1326 629 1410 670 quo
1433 615 1528 658 loco
1553 614 1771 671 Demipho

280 683 438 724 nuntio
470 682 624 725 audito
658 683 741 725 sibi
771 682 909 726 filiam
941 698 1036 725 esse
1067 683 1297 726 inventam
1329 684 1504 727 domum
1547 684 1679 738 redit,
1725 687 1772 727 et

281 752 520 794 Trinumm.
554 767 593 794 v.
631 753 754 805 1115,
798 767 883 808 quo
914 752 1010 795 loco
1044 752 1270 809 Lysiteles
1306 753 1597 807 Charmidem,
1644 768 1772 810 quem

279 836 467 877 peregre
499 821 732 864 advenisse
764 822 991 878 comperit,
1026 824 1329 865 conventurus
1361 823 1574 879 procedit.

396 890 482 933 Sed
525 891 720 933 fortasse
764 891 928 933 obicias
975 891 1057 933 hac
1100 891 1275 934 ratione
1308 894 1354 934 et
1395 892 1592 948 tragicos
1625 894 1671 935 et
1702 907 1771 934 co-

279 960 413 1003 micos
445 975 531 1002 non
563 975 666 1003 raro
689 976 792 1003 usos
815 976 920 1003 esse.
982 961 1078 1003 Iam
1104 961 1150 1002 in
1171 961 1309 1004 Aiace
1333 961 1578 1018 Sophoclea
1601 962 1772 1004 Teucer

278 1030 373 1086 ipse
406 1045 452 1071 se
484 1045 660 1072 rumore
683 1029 736 1072 de
758 1030 911 1072 Aiacis
934 1034 1078 1073 morte
1111 1030 1265 1073 audito
1300 1031 1382 1074 huc
1413 1031 1587 1074 venisse
1608 1035 1768 1074 narrat

279 1099 583 1154 (1992—1001).
646 1100 713 1142 At
743 1099 814 1142 hic
846 1100 967 1142 100118
1001 1100 1144 1156 specie
1183 1103 1360 1143 tantum
1391 1100 1482 1143 illis
1515 1100 1771 1158 Euripideis

279 1169 434 1211 similis
481 1172 568 1223 est;
615 1184 665 1212 re
711 1183 821 1211 vera
868 1169 982 1211 enim
1022 1169 1254 1212 Tecmessa
1297 1170 1514 1213 Teucrum
1561 1169 1771 1214 advocari

277 1238 476 1281 iusserat
507 1239 636 1294 (804),
671 1254 758 1295 qua
778 1254 827 1281 re
850 1241 1113 1281 commotum
1146 1255 1244 1282 eum
1274 1240 1456 1296 prodire
1488 1241 1624 1283 etiam
1648 1239 1769 1282 scho-

278 1307 387 1349 lium
418 1308 474 1351 ad
505 1324 545 1352 v.
574 1309 658 1350 977
691 1309 894 1352 adnotat.
957 1309 1129 1352 Deinde
1161 1309 1245 1352 11110
1275 1309 1478 1366 pertinet
1508 1310 1629 1352 100118
1663 1309 1767 1352 Oed.

278 1393 370 1434 reg.
402 1394 442 1420 v.
467 1379 562 1431 513,
596 1394 681 1435 quo
716 1378 827 1421 Creo
861 1379 1099 1434 compertis
1132 1379 1388 1422 criminibus
1420 1379 1684 1436 iniuriisque
1715 1381 1769 1422 ab

278 1448 504 1504 Oedipode
537 1448 621 1491 sibi
652 1448 795 1491 illatis
828 1449 974 1491 iratus
1006 1448 1052 1491 in
1084 1463 1285 1492 scaenam
1329 1449 1494 1505 prodit.
1557 1449 1769 1492 Profecto

277 1518 347 1559 hic
378 1517 499 1560 locus
543 1518 740 1561 eiusdem
781 1518 1049 1561 condicionis
1095 1521 1177 1572 est,
1225 1534 1336 1575 quae
1366 1519 1413 1560 in
1444 1518 1672 1575 Euripidis
1703 1519 1770 1562 fa-

276 1587 392 1630 bulis
424 1588 663 1630 invenitur.

392 1658 545 1701 Aliter
576 1674 647 1701 res
681 1673 726 1701 se
758 1659 893 1701 habet
923 1659 969 1701 in
999 1659 1164 1702 fabulis
1199 1658 1567 1715 Aristophaneis;
1607 1659 1652 1700 in
1683 1658 1769 1701 fine

277 1728 392 1770 enim
423 1728 620 1770 Acharn.
652 1743 878 1785 personas,
927 1743 1039 1785 quae
1089 1731 1192 1785 post
1224 1744 1265 1771 v.
1300 1729 1382 1770 729
1426 1728 1655 1781 accedunt,
1700 1743 1768 1771 re-

276 1798 603 1841 nuntiationem
631 1799 962 1854 Dicaeopolidis
987 1799 1087 1853 (719
1109 1798 1183 1854 ss.)
1209 1798 1432 1841 audivisse
1465 1798 1665 1854 cogitare
1697 1798 1768 1840 de-

277 1868 440 1917 bemus,
485 1871 531 1910 et
562 1868 641 1920 illi,
688 1868 763 1924 qui
781 1868 891 1925 „pari
932 1868 1061 1910 modo
1109 1868 1156 1910 in
1188 1870 1274 1910 fine
1306 1868 1433 1910 Pacis
1466 1867 1596 1923 (1052
1616 1867 1690 1924 88.)
1721 1867 1768 1909 111

277 1952 479 1980 scaenam
524 1938 761 1994 prodeunt,
810 1938 962 1980 eadem
1008 1938 1184 1980 ratione
1231 1937 1284 1980 de
1329 1937 1539 1993 Trygaeo
1586 1937 1768 1993 eiusque

276 2007 409 2049 factis
455 2008 746 2061 resciverunt,
794 2022 882 2064 qua
931 2023 969 2049 v.
1016 2008 1099 2049 302
1147 2022 1295 2050 omnes
1344 2006 1553 2060 Graecos,
1600 2022 1641 2049 v.
1682 2007 1768 2049 465

276 2077 472 2119 Boeotos
504 2092 632 2120 voces
672 2092 964 2134 personarum
1009 2078 1055 2119 in
1103 2092 1262 2120 scaena
1310 2076 1582 2119 versantium
1614 2076 1768 2119 audire

275 2149 411 2202 poeta
442 2147 594 2202 fingit:
639 2147 685 2189 in
715 2147 889 2190 Avibus
930 2149 1080 2190 autem
1121 2146 1347 2190 mendicus
1378 2146 1455 2189 ille
1476 2148 1622 2202 ¹poeta
1652 2146 1767 2200 (904)

277 2219 322 2258 et
370 2217 442 2272 qui
491 2232 588 2259 011111
631 2222 889 2273 sequuntur,
937 2217 983 2259 in
1030 2231 1234 2260 scaenam
1281 2217 1479 2269 veniunt,
1529 2218 1767 2272 postquam

277 2301 313 2326 v.
347 2287 431 2328 843
449 2301 501 2328 ss.
535 2287 823 2330 Pithetaerus
856 2302 953 2330 cum
984 2286 1204 2344 Euelpide
1250 2286 1430 2328 nuntios
1472 2285 1529 2328 ad
1568 2285 1765 2328 homines

277 2358 322 2398 et
355 2356 457 2398 deos
489 2356 733 2399 mittendos
781 2372 877 2399 esse
924 2357 1183 2411 constituit;
1233 2356 1309 2413 qui
1353 2355 1501 2398 nuntii
1548 2369 1595 2398 re
1643 2369 1764 2408 vera,

277 2440 372 2468 011111
418 2429 552 2481 poeta
596 2427 763 2483 prodit,
810 2427 1003 2469 nondum
1051 2427 1170 2469 missi
1217 2429 1334 2479 sunt,
1384 2425 1501 2482 quod
1537 2425 1764 2467 moenibus

276 2496 399 2537 urbis
433 2496 677 2539 aedificatis
719 2497 891 2539 demum
931 2497 1112 2539 nuntios
1153 2495 1398 2539 mittendos
1432 2510 1526 2538 esse
1559 2495 1764 2538 decreve-

277 2568 392 2606 rant.
456 2565 541 2607 Sed
563 2566 748 2609 ridicule
780 2570 916 2623 poeta
946 2569 1096 2609 tamen
1129 2566 1217 2608 iam
1249 2565 1418 2608 certior
1440 2565 1587 2607 factus
1620 2566 1688 2607 est
1710 2564 1763 2606 de

277 2635 636 2690 Nubilocuculia3
685 2651 835 2679 musae
878 2637 992 2679 enim
1035 2651 1133 2678 eum
1165 2635 1441 2678 edocuerunt
1473 2636 1529 2688 (v.
1564 2635 1649 2676 924
1666 2635 1739 2689 ss.)
1752 2651 1760 2690 ;

277 2719 361 2760 quo
394 2705 520 2746 modo
555 2705 882 2761 Aristophanes
922 2706 1046 2748 illam
1079 2704 1425 2761 discrepantiam
1456 2718 1668 2747 excusare
1701 2704 1763 2747 vi-

277 2774 408 2816 detur
439 2774 647 2816 voluisse.
709 2775 832 2817 Unus
875 2776 996 2818 locus
1027 2775 1399 2831 Aristophaneus,
1444 2774 1520 2830 qui
1563 2788 1613 2816 re
1658 2778 1764 2816 vera

277 2843 524 2899 comparari
554 2846 718 2899 potest,
752 2845 797 2885 in
828 2844 963 2887 Pluto
995 2845 1190 2900 legitur:
1225 2861 1265 2887 v.
1298 2845 1394 2886 335.
1453 2843 1762 2900 Blepsidemus
