1889 3284
842 195 896 235 41

121 244 139 254 x

126 308 233 350 ante
263 306 393 349 aedes
433 306 761 363 colloquuntur,
807 309 893 351 etsi
924 309 1177 359 Lachetem,
1222 326 1349 367 quem
1387 312 1484 353 ruri
1516 327 1610 354 esse

127 390 181 418 ex
223 376 383 418 v.175
430 375 686 429 didicimus,
753 378 947 420 nondum
1006 394 1231 422 reversum
1292 381 1610 436 conspeximus.

120 443 380 501 Utrubique
410 460 509 487 cum
539 445 832 488 intervallum
864 446 984 490 inter
1016 448 1123 490 duos
1155 452 1281 492 actus
1313 450 1611 493 intermissum

126 513 376 564 antecedat,
427 514 716 557 manifestum
762 518 831 558 est
876 517 1202 573 Apollodorum
1248 519 1428 562 finxisse
1475 519 1611 562 Chre—

125 585 288 627 metem
319 587 365 627 et
395 583 638 627 Lachetem
679 585 858 627 interim
898 587 1066 629 redisse
1106 587 1293 629 domum.
1354 588 1512 631 Nescio
1556 602 1612 630 an

111 668 214 696 vnon
256 653 304 696 in
347 653 534 710 Epidico
578 669 753 710 quoque
794 655 909 697 idem
951 656 1173 699 acciderit.
1256 657 1368 700 Nam
1415 659 1611 701 fortasse

126 722 332 776 licentia,
395 737 524 780 quam
586 726 747 780 poetae
809 728 912 779 post
971 726 1261 768 Menandrum
1323 727 1610 780 admiserunt.

126 792 407 850 agnoscenda
437 795 520 836 est.

242 950 276 978 c.
326 936 381 978 In
426 950 514 978 non
560 935 697 978 nullis
748 936 916 979 scaenis
963 952 1016 979 ex
1062 938 1212 994 primis
1261 939 1416 981 statim
1461 938 1610 981 verbis

129 1019 351 1062 apparere
393 1020 604 1062 personas
649 1005 736 1047 iam
781 1008 914 1048 extra
958 1021 1158 1049 scaenam
1202 1007 1465 1064 colloquium
1497 1008 1611 1049 ince-

125 1075 244 1132 pisse
277 1089 411 1132 supra
453 1075 616 1118 monui.
651 1076 768 1131 (pag.
805 1076 892 1128 39.)
933 1075 1201 1133 Plerumque
1250 1078 1396 1130 etiam,
1442 1091 1528 1133 qua
1559 1076 1611 1119 de

126 1159 177 1188 re
219 1144 363 1188 locuti
408 1144 512 1198 sint,
561 1145 862 1201 cognoscitur.
938 1145 1032 1188 Hoc
1080 1161 1338 1189 scaenarum
1384 1146 1611 1189 exordium

124 1214 242 1258 unde
271 1214 525 1271 profectum
557 1215 629 1267 sit,
679 1215 768 1257 iam
814 1215 964 1270 paucis
997 1215 1239 1258 ostendam.
1302 1216 1467 1258 Altera
1498 1215 1612 1257 enim

121 1284 270 1327 forma
291 1298 563 1335 scaenarum,
586 1284 633 1326 in
654 1284 812 1341 quibus
834 1284 946 1326 duae
967 1299 1181 1341 personae
1205 1285 1331 1327 simul
1349 1285 1394 1326 in
1411 1299 1612 1327 scaenam

124 1353 384 1411 procedunt,
429 1367 481 1396 ea
513 1356 596 1407 est,
642 1356 696 1397 ut
740 1353 889 1396 altera
931 1369 1119 1410 persona
1153 1354 1345 1397 alteram
1376 1354 1613 1396 comitetur

125 1423 198 1465 vel
242 1422 392 1466 altera
436 1437 629 1480 persona
676 1424 730 1465 ab
781 1423 926 1465 altera
973 1423 1241 1477 adducatur3
1297 1438 1407 1479 quae
1454 1437 1611 1465 causae

125 1491 319 1535 adeundi
338 1492 427 1535 iam
447 1497 582 1535 antea
604 1492 833 1535 adhibitae
857 1494 986 1534 erant
1006 1497 1054 1542 (e.
1078 1508 1144 1549 gr.
1170 1492 1313 1535 Prom.
1339 1493 1389 1539 1.,
1418 1491 1610 1548 Choeph.

125 1562 222 1609 892.
256 1561 437 1618 Septem
467 1563 564 1613 874,
609 1561 741 1619 Soph.
776 1562 932 1604 Trach.
966 1562 1061 1614 971,
1106 1562 1339 1618 Aristoph.
1372 1561 1481 1604 Ach.
1515 1562 1612 1611 237,

125 1631 242 1674 Nub.
266 1632 351 1674 809
383 1633 430 1675 et
462 1633 578 1686 cet.)‚
613 1632 690 1675 sed
712 1631 950 1687 Euripides
985 1632 1152 1688 primus
1184 1647 1272 1674 rem
1306 1632 1373 1674 ita
1394 1631 1611 1684 instituit,

125 1703 178 1744 ut
209 1701 331 1744 vitae
364 1701 555 1759 speciem
587 1704 796 1745 servaret
836 1705 882 1744 et
928 1702 1056 1744 simul
1098 1701 1316 1743 actionem
1348 1700 1612 1743 vividiorem

124 1770 317 1826 faceret3
365 1786 467 1814 nam
513 1771 683 1828 primus
727 1786 955 1827 personas,
1006 1771 1106 1813 dum
1155 1771 1284 1813 simul
1325 1771 1371 1812 in
1412 1784 1612 1813 scaenam

123 1840 246 1884 intro
279 1843 399 1895 eunt,
432 1841 555 1884 inter
586 1856 635 1895 se·
661 1841 962 1898 colloquentes
994 1841 1115 1883 fecit.

238 1910 292 1952 In
322 1910 420 1967 Iph.
453 1910 586 1954 Taur.
619 1926 660 1953 v.
695 1912 751 1953 67
784 1911 963 1953 Orestes
1009 1914 1055 1952 et
1087 1909 1283 1965 Pylades
1326 1909 1371 1951 in
1414 1922 1613 1951 scaenam

124 1980 324 2033 veniunt,
357 1979 461 2023 dum
483 1980 604 2023 inter
628 1995 686 2031 se,
719 1980 826 2036 quid
849 1980 1045 2031 videant,
1079 1978 1420 2032 communicant3
1458 1992 1510 2020 ex
1531 1977 1612 2019 hac

125 2064 297 2104 scaena,
329 2050 376 2092 in
406 2064 494 2107 qua
524 2065 607 2103 res,
641 2050 694 2093 de
727 2050 885 2107 quibus
910 2049 1236 2105 colloquuntur,
1270 2048 1545 2103 conspiciunt
1566 2047 1613 2088 in

125 2134 283 2171 scaena
314 2118 486 2162 demum
519 2119 630 2176 ipsa,
663 2119 978 2176 repetitionem
1012 2118 1134 2161 illam
1159 2118 1266 2159 oriri
1297 2132 1384 2159 non
1415 2116 1612 2172 potuisse

124 2203 213 2232 non
243 2190 314 2233 est
345 2189 463 2246 quod
493 2189 648 2232 dicam.
710 2189 779 2231 Ne
810 2188 894 2231 tali
925 2188 1099 2244 quidem
1123 2203 1175 2229 ex
1198 2201 1367 2238 scaena,
1402 2185 1545 2242 qualis
1568 2185 1612 2227 in

125 2261 351 2316 postrema
380 2258 610 2316 Euripidis
656 2258 809 2301 fabula
852 2258 1032 2314 legitur,
1080 2257 1230 2313 potuit
1275 2255 1519 2312 proficisci;
1568 2254 1613 2296 in

123 2343 211 2386 qua
229 2328 346 2386 (Iph.
371 2328 478 2372 Aul.
501 2329 585 2371 303
606 2328 681 2383 ss.)
703 2327 930 2371 Menelaus
963 2342 1153 2378 servum,
1188 2340 1314 2382 quem
1337 2325 1611 2380 Agamemno

71 2395 73 2397 ’
126 2398 363 2454 epistulam
385 2398 443 2441 ad
465 2398 846 2455 Clytaemestram
869 2396 1045 2438 deferre
1067 2395 1211 2446 iussit,
1245 2395 1291 2437 vi
1322 2409 1467 2436 secum
1491 2393 1613 2436 ducit

127 2470 174 2510 et
204 2467 409 2511 rixantes
441 2467 687 2524 prodeunt;
730 2481 831 2509 nam
863 2465 1100 2522 opprobria
1131 2463 1424 2520 litigantium,
1458 2462 1612 2519 quales

125 2537 321 2589 fuerint,
369 2543 415 2580 et
461 2536 619 2580 chorus
667 2538 714 2578 et
760 2537 1036 2591 spectatores
1087 2533 1170 2576 sibi
1218 2535 1371 2582 mente,
1412 2532 1611 2588 cogitare

127 2609 327 2664 possunt,
371 2621 513 2663 neque
558 2621 666 2663 opus
712 2608 781 2648 est
824 2603 1094 2661 repetitione
1110 2604 1152 2658 ¹).
1216 2603 1338 2658 Ergo
1383 2616 1523 2658 neque
1559 2616 1613 2643 ex

250 2747 284 2791 1)
311 2746 398 2781 Cum
423 2747 491 2780 hac
519 2756 649 2780 scaena
670 2743 932 2788 comparandus
966 2748 1021 2777 est
1051 2743 1150 2777 locus
1170 2743 1330 2785 Discept.
1355 2744 1382 2784 1,
1412 2752 1481 2785 quo
1509 2741 1612 2781 servi,

127 2811 163 2841 et
189 2805 417 2841 Curculionis
437 2807 504 2840 533
519 2816 578 2847 ss,
608 2815 677 2847 quo
696 2805 796 2838 miles
815 2809 850 2837 et
870 2804 964 2847 Lyco
984 2802 1168 2846 litigantes
1196 2802 1231 2835 in
1258 2811 1425 2836 scaenam
1451 2800 1612 2834 veniunt.
