1889 3284
817 179 843 235 9

83 292 193 345 nuli,
246 306 357 349 quae
406 292 464 335 ad
511 291 733 335 Graecam
791 291 990 334 fabulam
1040 291 1317 347 Καρχηδόνιον
1375 292 1577 335 refertur

83 361 170 418 (II;
203 361 286 411 IV,
321 362 462 414 1-V,
486 362 542 416 4),
576 360 817 404 Menandro
843 361 1135 404 attribuenda
1158 364 1247 404 est:
1282 361 1445 404 etenim
1478 376 1575 404 cum

83 433 131 473 et
162 430 453 474 Menandrum
494 433 540 474 et
580 430 818 473 Alexidem
850 430 1126 486 Καρχηδόνιον
1170 431 1345 474 fabulas
1388 431 1576 487 inscrip—

84 501 196 544 sisse
226 500 487 553 notumsit,
522 500 817 543 Geffckenum
850 499 906 557 (p.
931 502 970 553 5,
1003 500 1154 543 adnot.
1190 501 1232 555 1)
1263 515 1389 543 nemo
1422 515 1575 556 repre-

82 570 250 614 hendet
282 569 501 613 dicentem
544 572 693 613 artem
732 585 904 613 morum
946 569 1334 613 describendorum
1367 570 1576 612 subtilem

82 639 372 683 Menandrum
406 654 574 696 sapere.
639 639 850 682 Pseudoli
880 655 1054 697 quoque
1086 654 1190 696 pars
1213 639 1482 683 Menandrea
1512 640 1575 682 vi-

83 709 217 753 detur
247 724 362 756 esse:
396 710 586 766 quodam
620 709 735 753 enim
767 709 863 752 loco
895 709 1130 752 Menandri
1152 710 1406 752 Thesaurus
1440 709 1576 764 signi-

82 779 255 832 ficatur,
303 793 416 836 quae
464 781 601 822 verba
649 794 746 821 cum
792 794 879 821 non
926 782 1085 822 contra
1133 782 1313 836 poetam
1357 778 1577 822 Thesauri

81 853 297 906 pugnent,
329 848 524 891 Leonem
547 848 657 892 satis
679 848 779 891 veri
806 848 940 890 simili
961 848 1134 891 ratione
1166 863 1291 891 usum
1324 863 1418 891 esse
1450 850 1574 905 puto,

82 933 180 960 cum
210 917 325 961 hanc
349 920 526 975 partem
547 917 728 960 fabulae
752 917 1083 960 contaminatae
1106 932 1131 959 a
1154 917 1398 960 Menandro
1432 920 1576 960 ortam

83 1002 180 1030 esse
213 987 397 1030 diceret.

199 1056 438 1100 Terentius
480 1058 630 1099 autem
672 1058 890 1113 quattuor
931 1056 1108 1099 fabulas
1141 1056 1434 1099 Menandreas
1476 1071 1576 1099 con-

83 1125 242 1179 vertit,
275 1126 508 1180 Andriam,
541 1126 1096 1169 Heautontimorumenon.
1131 1126 1404 1179 Eunuchum,
1437 1125 1575 1168 Adel-

81 1195 208 1253 phos.
272 1195 467 1249 Quarum
500 1198 607 1249 tres,
639 1195 872 1247 Andriam,
905 1195 1179 1247 Eunuchum,
1213 1195 1444 1252 Adelphos
1477 1210 1576 1238 con-

82 1264 328 1308 taminatas
361 1279 456 1309 esse
493 1265 730 1308 Terentius
763 1265 857 1322 ipse
890 1265 1151 1317 confitetur:
1188 1268 1234 1308 et
1266 1280 1360 1308 cum
1401 1264 1577 1307 Andria

83 1334 347 1378 Perinthiae
369 1334 667 1378 Menandreae
701 1335 915 1392 quasdam
946 1338 1100 1391 partes
1134 1335 1377 1383 coniunxit,
1410 1336 1454 1376 in
1487 1335 1575 1376 Eu-

82 1404 273 1447 nuchum
315 1419 530 1462 personas
572 1405 731 1447 militis
765 1407 812 1447 et
842 1405 1034 1461 parasiti
1066 1419 1120 1447 ex
1152 1404 1312 1447 Colace
1343 1403 1577 1447 Menandri

84 1473 334 1526 transtulit,
369 1474 416 1516 in
447 1473 666 1531 Adelphis
700 1488 752 1517 ea
783 1489 904 1531 pars,
946 1488 1034 1531 qua
1065 1474 1216 1530 raptio
1248 1474 1497 1517 meretricis
1531 1474 1576 1515 in

86 1557 244 1586 scaena
277 1543 444 1600 agitur,
490 1558 545 1587 ex
587 1543 761 1600 Diphili
794 1544 1195 1586 Commorientibus
1229 1543 1416 1586 oriunda
1449 1546 1517 1586 est
1531 1544 1575 1598 ¹).

203 1671 340 1706 Eadem
368 1683 429 1707 ars
456 1672 492 1706 in
521 1672 600 1707 Aul.
630 1685 658 1707 v.
687 1675 755 1707 398
770 1683 816 1707 ss.
845 1672 1058 1707 adhibetur:

207 1734 235 1765 l.
269 1731 357 1766 Post
383 1732 570 1766 Euclionis
597 1731 796 1766 discessum
823 1733 924 1777 (397)
953 1742 996 1766 ex
1035 1732 1184 1766 aedibus
1213 1731 1402 1775 Megadori
1439 1742 1574 1774 coquus

84 1790 159 1825 exit
197 1795 308 1834 atque
345 1791 527 1826 introrsus
567 1791 690 1836 pueris
729 1792 911 1835 imperans
950 1792 1019 1826 sibi
1058 1792 1285 1836 propositum
1325 1801 1403 1826 esse
1441 1790 1576 1825 (licita

84 1850 287 1894 Congrione
313 1854 496 1895 artoptam
521 1850 694 1886 utendam
722 1856 865 1895 petere3

204 1911 236 1944 2.
269 1909 332 1944 sed
358 1920 437 1944 cum
463 1910 498 1944 in
526 1910 675 1945 aedibus
703 1910 888 1944 Euclionis
917 1910 1052 1944 clamor
1090 1911 1240 1952 oriatur,
1280 1909 1423 1944 domum
1450 1920 1576 1944 rursus

42 2007 47 2010 ¹
85 1968 198 2013 fugit,

203 2030 236 2062 3.
269 2032 379 2071 atque
406 2028 562 2072 Congrio
590 2028 738 2073 fugatus
766 2034 801 2063 et
828 2029 956 2063 Euclio
983 2039 1206 2073 persequens
1234 2028 1479 2073 egrediuntur.

203 2088 235 2121 4.
268 2087 336 2121 Hic
363 2097 504 2130 quoque
531 2091 609 2122 tota
635 2098 766 2122 scaena
793 2092 899 2132 poeta
936 2093 1078 2131 tempus
1105 2088 1201 2122 inter
1227 2087 1412 2122 Euclionis
1440 2088 1577 2122 abitum

85 2151 122 2181 et
146 2145 303 2180 reditum
322 2157 533 2181 consumere
560 2147 682 2190 aliquo
709 2147 813 2182 modo
842 2147 973 2182 studet.
993 2168 1035 2172 —
1057 2148 1103 2181 Hi
1130 2148 1200 2181 loci
1227 2152 1299 2181 tam
1327 2147 1461 2181 similes
1481 2152 1575 2181 sunt.

85 2209 126 2239 ut
153 2215 226 2248 eos,
252 2205 394 2240 etiamsi
421 2205 564 2240 fabulas
583 2217 698 2240 novae
725 2206 930 2241 comoediae
950 2217 1058 2250 saepe
1077 2207 1175 2241 locos
1194 2206 1353 2250 geminos
1381 2210 1416 2240 et
1443 2206 1577 2240 similes

86 2264 295 2299 exhibuisse
321 2269 474 2307 constat,
501 2269 622 2300 tamen
649 2264 873 2300 diversorum
900 2270 1090 2309 poetarum
1118 2276 1196 2300 esse
1223 2266 1282 2298 vix
1309 2264 1463 2299 credam.

207 2325 241 2367 1)
268 2323 703 2359 Heautontimorumenon
742 2324 905 2359 fabulam
933 2325 1142 2359 Terentium
1180 2324 1482 2359 contaminavisse
1510 2324 1576 2358 Ve-

86 2382 278 2427 nedigerus
314 2383 462 2428 (Annal.
494 2383 718 2419 Fleckeisen.
749 2387 838 2419 1874
874 2395 907 2428 p.
936 2385 1018 2428 129)
1050 2389 1124 2418 tam
1163 2389 1299 2418 temere
1337 2384 1576 2418 ratiocinatus

87 2441 277 2477 ostendere
302 2442 484 2485 studebat,
522 2447 562 2477 ut
603 2443 732 2478 inutile
759 2444 805 2477 sit
834 2444 911 2478 eius
939 2443 1143 2487 opinionem
1171 2443 1402 2487 redarguere.
1455 2443 1577 2477 Etiam

86 2501 146 2537 Fr.
174 2500 389 2536 Skutschius
416 2502 560 2547 (Philol.
581 2505 689 2546 59,1)
716 2505 808 2537 hanc
836 2502 997 2537 fabulam
1025 2503 1308 2537 contaminatam
1335 2513 1414 2536 esse
1440 2501 1577 2536 iudicat

86 2565 238 2604 propter
264 2571 406 2596 versum
432 2566 705 2596 controversum
731 2562 873 2606 prologi
900 2564 939 2605 63
970 2573 1062 2605 quae
1082 2562 1192 2596 verba
1212 2561 1342 2596 vertit:
1370 2561 1445 2595 Das
1465 2561 1577 2595 Stuck

86 2620 134 2654 ist
159 2630 224 2654 aus
251 2620 366 2654 einem
385 2619 575 2655 einfachen
603 2632 647 2655 zu
673 2622 788 2655 einem
807 2620 1004 2665 doppelten
1031 2622 1230 2665 geniacht“.
1284 2620 1386 2663 Quod
1412 2620 1443 2654 si
1470 2625 1578 2664 poeta

86 2677 206 2713 dicere
233 2679 416 2722 voluisset,
445 2690 585 2714 versum
612 2680 662 2714 sic
690 2681 810 2724 potius
829 2680 1113 2715 conformasset:
1145 2680 1267 2724 „Quae
1294 2691 1337 2714 ex
1364 2684 1577 2723 argumento

87 2737 243 2781 simplici
268 2737 368 2772 facta
394 2744 449 2772 est
476 2737 643 2782 duplex&
697 2739 824 2782 Itaque
851 2739 1008 2773 Leonem
1036 2739 1155 2783 (Anal.
1178 2739 1293 2773 Plaut.
1321 2738 1374 2773 De
1394 2738 1451 2782 fig.
1471 2749 1575 2772 serm.

85 2796 134 2838 11,
164 2797 224 2841 20)
252 2801 397 2832 secutus
424 2797 635 2832 Terentium
661 2797 767 2840 idem,
804 2797 899 2840 quod
937 2809 1043 2832 versu
1070 2797 1167 2839 dicit,
1208 2798 1350 2841 planius
1377 2798 1432 2831 his
1460 2798 1578 2832 verbis
