1889 3284
835 248 890 289 55

231 363 285 405 In
315 362 496 420 Hippol.
530 378 570 405 v.
606 362 716 405 1153
758 362 942 405 nuntius
988 361 1205 404 Theseum
1248 362 1301 405 de
1345 362 1600 408 calamitate

115 432 200 474 filii
229 432 462 475 certiorem
493 432 698 475 facturus
730 432 946 484 accurrit3
981 431 1140 474 chorus
1173 432 1345 474 verbis:

462 510 519 553 ὅδ’
554 512 669 559 αὐτὸς
702 513 776 558 ἔξω
811 512 1006 567 δωμάτων
1039 513 1243 566 πορεύεται

117 593 410 650 praenuntiat
440 593 605 650 regem,
642 594 764 636 0111113
797 593 948 636 aditus
980 608 1069 635 non
1099 595 1329 650 probatur.

231 663 288 706 In
316 663 499 706 Hecuba
531 677 674 716 serva,
708 678 821 720 quae
842 665 1065 705 mortuum
1089 662 1363 718 Polydorum
1396 665 1439 707 in
1470 666 1602 710 litore

115 733 303 786 invenit,
326 733 382 776 ad
404 733 742 776 tabernaculum
759 733 969 775 Hecubae
992 732 1125 785 redit,
1148 738 1200 775 ut
1220 734 1418 787 nuntiet3
1444 736 1601 780 chorus

116 802 246 846 brevi
275 804 380 859 post
411 802 468 858 (v.
502 803 585 845 665
602 806 653 856 s.)
687 802 753 845 his
786 802 957 845 verbis:

394 883 462 925 καὶ
495 884 569 938 μὴν
601 888 763 938 περῶσα
794 883 980 939 τυγχάνει
1015 885 1145 937 δόμων
1180 885 1273 938 ὅπερ

395 954 474 1008 ἧδ’,
506 954 577 1000 εἰς
611 953 663 993 δὲ
695 953 870 1008 καιρὸν
904 956 1003 993 σοῖσι
1036 954 1213 1008 φαίνεται
1246 955 1385 1007 λόγοις.

117 1033 348 1077 Hecubam
377 1034 683 1091 praenuntiat,
725 1034 847 1077 0111113
881 1034 1030 1077 aditus
1061 1035 1183 1077 nullo
1215 1035 1342 1078 modo
1375 1037 1603 1091 probatur.

233 1103 289 1145 111
318 1103 451 1146 Ηο10.
483 1119 524 1147 v.
550 1104 631 1146 701
666 1104 827 1159 Lycus,
860 1107 913 1146 ut
945 1104 997 1146 de
1030 1104 1373 1160 Amphitryone,
1408 1106 1602 1161 Megara,

116 1173 272 1216 liberis
302 1173 512 1216 Herculis
545 1173 808 1230 supplicium
853 1176 1011 1225 sumat.
1057 1174 1101 1215 in
1145 1188 1345 1217 scaenam
1377 1175 1514 1227 venit,
1559 1178 1604 1217 et

116 1243 240 1286 forte
269 1243 549 1300 Amphitryo
595 1258 648 1286 ex
695 1244 823 1299 regia
868 1243 1031 1300 prodit.
1103 1244 1198 1286 Hoc
1242 1244 1337 1287 1000
1385 1260 1470 1287 non
1517 1246 1604 1287 iam

116 1313 291 1364 chorus,
326 1313 402 1356 sed
423 1313 575 1369 Lycus
607 1313 701 1370 ipse
733 1313 924 1355 alteram
947 1328 1178 1369 personam
1201 1314 1423 1356 commode
1455 1314 1606 1370 egredi

118 1382 249 1426 dicit:

177 1480 220 1507 V.
253 1464 350 1506 701.
414 1465 485 1510 εἰς
517 1463 698 1519 καιρὸν
732 1461 849 1505 οἴκων
882 1463 1121 1519 Ἀμφιτρύων
1156 1464 1226 1509 ἔξω
1260 1467 1387 1520 περᾷς.

234 1545 336 1589 Non
367 1545 537 1598 dubito,
571 1545 677 1602 quin
700 1545 757 1587 fr.
781 1546 897 1587 XIX
929 1561 982 1587 ex
1013 1545 1199 1588 Pacuvii
1220 1546 1347 1588 Medo
1381 1550 1605 1590 servatum

118 1615 176 1658 ad
206 1616 465 1658 contextum
496 1615 684 1658 similem
714 1616 987 1672 pertinuerit
1019 1616 1169 1669 (Ribb.
1202 1631 1241 1672 p.
1278 1616 1359 1657 122
1392 1633 1399 1657 :

179 1697 360 1753 „Atque
393 1711 540 1739 eccum
571 1697 626 1739 in
657 1697 777 1754 ipso
811 1701 1062 1754 tempore
1095 1700 1317 1740 ostentum
1352 1700 1537 1740 senem.“

233 1778 305 1820 Ex
344 1777 413 1820 his
453 1778 665 1836 exemplis
709 1779 988 1835 perspicuum
1033 1793 1126 1820 esse
1169 1778 1367 1820 arbitror
1411 1778 1605 1833 tragicos

120 1847 318 1891 Graecos
352 1847 488 1890 etiam
518 1847 572 1890 iis
602 1848 724 1901 loeis,
769 1849 926 1904 quibus
970 1862 1160 1904 persona
1200 1847 1350 1904 aliqua
1379 1848 1531 1903 prodit
1560 1849 1607 1890 in

121 1932 326 1961 scaenam
355 1917 483 1960 nulla
514 1932 648 1961 causa
680 1917 885 1970 adducta,
935 1920 1103 1960 certam
1145 1920 1289 1960 arteni
1330 1918 1602 1971 adhibuisse3

119 2002 221 2031 nam
253 1987 394 2043 primo
417 1986 606 2030 duarum
628 2002 917 2044 personarum
940 1988 1078 2044 prior,
1112 1988 1233 2029 0111113
1257 1987 1406 2029 aditus
1434 2002 1606 2043 semper

123 2058 359 2115 probatur,
403 2057 577 2100 accedit
608 2057 787 2100 aliunde
818 2058 863 2099 in
896 2071 1109 2108 scaenam,
1154 2056 1312 2099 deinde
1345 2056 1502 2098 chorus
1534 2056 1607 2099 vel

119 2127 167 2170 in
197 2141 285 2169 una
306 2126 462 2170 fabula
481 2127 608 2184 prior
630 2141 821 2183 persona
841 2127 939 2182 ipsa
961 2126 1150 2169 alteram
1173 2140 1404 2182 personam
1436 2140 1606 2181 semper

119 2196 277 2240 iisdem
316 2196 413 2239 fere
454 2196 602 2239 verbis
647 2196 940 2252 praenuntiat
981 2211 1034 2238 ex
1077 2195 1257 2237 aedibus
1289 2210 1398 2250 quas
1430 2194 1607 2237 habitat

120 2266 301 2324 prodire
332 2268 380 2309 et
417 2281 506 2308 non
551 2266 688 2309 nullis
736 2265 844 2308 loeis
891 2266 1013 2307 forte
1060 2279 1154 2307 eam
1200 2265 1256 2307 ad
1299 2267 1473 2320 tempus
1505 2279 1607 2320 pro·

122 2335 307 2380 cessisse
349 2335 498 2391 addit;
544 2350 656 2392 quae
700 2335 848 2378 altera
892 2348 1078 2391 persona
1122 2348 1198 2375 0111
1240 2333 1442 2389 prodeat,
1486 2333 1607 2375 nullo

121 2405 219 2449 loco
251 2405 417 2448 dicitur
448 2420 591 2462 neque
613 2404 700 2447 dici
723 2404 866 2456 debet,
903 2403 1017 2460 quod
1041 2418 1093 2445 ex
1116 2403 1205 2445 suis
1239 2402 1420 2444 aedibus
1453 2402 1547 2445 exit
1562 2402 1606 2457 ¹).

238 2474 368 2518 Hanc
399 2475 582 2518 eandem
614 2474 803 2517 formam
838 2473 1011 2516 exordii
1043 2486 1239 2525 scaenae,
1273 2486 1403 2527 quam
1430 2471 1608 2514 Aristo-

247 2640 281 2683 1)
310 2637 365 2673 Cf.
393 2639 610 2682 Deckinger,
650 2639 716 2672 Die
744 2637 979 2680 Darstellung
1015 2636 1079 2670 der
1114 2635 1364 2679 personliehen
1392 2635 1526 2669 Motive
1552 2635 1610 2669 bei

125 2697 316 2743 Aischylos
342 2697 415 2732 und
441 2697 650 2741 Sophocles,
690 2708 723 2740 p.
751 2699 796 2730 34
824 2695 904 2729 adn.
936 2699 970 2729 1:
1000 2723 1007 2729 .
1035 2723 1040 2728 .
1072 2723 1078 2729 .
1109 2694 1320 2738 „Aischylos
1359 2694 1483 2727 nimmt
1520 2694 1609 2728 eben

127 2756 290 2793 offenbar
316 2755 381 2790 das
406 2756 477 2790 Ab·
503 2756 577 2790 und
603 2756 773 2799 Zugehen
800 2766 868 2789 von
894 2754 965 2788 und
1003 2754 1094 2787 nach
1124 2753 1202 2787 dem
1229 2752 1295 2786 den
1325 2752 1610 2786 Buhnenhinter-

133 2815 252 2861 grund
278 2814 472 2849 bildenden
497 2815 624 2850 Palast
650 2815 801 2848 leichter
828 2813 880 2847 als
908 2813 964 2847 ein
991 2813 1075 2846 Ein-
1102 2811 1189 2846 oder
1214 2811 1389 2845 Abtreten
1417 2810 1529 2844 durch
1555 2811 1612 2845 die

127 2875 316 2912 seitlichen
341 2873 529 2909 Parodoi.“
