1889 3284
1039 218 1066 260 8

309 334 602 385 intendamus,
647 333 722 389 qui
764 332 915 389 aliqua
959 333 1151 386 ratione,
1197 346 1329 389 quam
1371 347 1514 390 neque
1545 332 1798 389 Aeschylus

308 418 449 460 neque
483 402 721 458 Sophocles
752 405 989 454 noverunt,
1032 401 1230 457 insignes
1263 404 1380 444 sunt.
1443 401 1530 445 Sed
1560 403 1801 458 praeterea

309 472 595 528 respiciamus
642 485 821 513 necesse
869 474 949 522 est,
1003 470 1122 527 quod
1166 485 1283 514 nova
1331 471 1556 514 comoedia
1601 486 1699 514 cum
1730 485 1799 514 co-

308 541 480 584 moedia
512 543 668 584 vetere
701 540 931 594 cohaeret:
966 540 1119 597 itaque
1150 539 1395 583 cavendum
1426 543 1510 593 est,
1542 556 1598 584 ne
1619 540 1800 584 Aristo-

309 611 465 667 phanis
499 609 675 653 fabulas
707 609 1014 666 neglegamus.

426 680 500 722 Ita
531 679 762 735 proposito
796 682 843 722 et
873 679 1049 722 ratione
1082 680 1208 722 nobis
1241 679 1435 722 ineunda
1467 679 1663 722 definitis
1694 695 1802 723 non-

310 750 435 792 nulla
475 748 769 805 praemittere
817 764 924 805 opus
974 751 1043 791 est
1090 749 1143 792 de
1174 749 1406 806 Euripidis
1446 751 1493 791 et
1536 749 1803 792 comicorum

310 818 489 862 fabulis.
552 818 666 860 Nam
698 833 795 860 cum
827 818 881 860 de
914 819 1089 874 origine
1132 833 1290 862 causae
1332 818 1519 861 alicuius
1551 818 1801 874 quaeritur,

311 888 500 930 multum
543 887 750 940 interest,
796 902 881 943 quo
925 891 1129 944 tempore
1168 887 1347 931 fabulas
1390 886 1658 944 Euripideas
1702 901 1802 930 con-

311 958 502 1014 scriptas
537 971 630 999 esse
663 956 1009 1012 constituamus;
1045 957 1154 1000 ordo
1177 957 1292 1000 enim
1314 956 1570 1000 fabularum
1598 956 1699 999 usui
1720 958 1802 1010 est,

312 1042 396 1083 quo
430 1026 526 1083 quis
557 1026 725 1082 primus
758 1040 931 1069 causam
964 1026 1222 1070 adhibuerit
1267 1027 1576 1082 cognoscatur.
1636 1026 1693 1068 In
1723 1026 1804 1069 hac

313 1096 574 1153 quaestione
607 1095 884 1148 difficillima,
923 1111 978 1138 ne
1012 1096 1361 1152 disputationem
1391 1095 1522 1138 nimis
1556 1109 1801 1149 onerarem,

313 1166 510 1208 ordinem
547 1179 572 1207 a
610 1164 833 1208 Schmidio
866 1165 911 1207 in
943 1165 1060 1208 libro
1093 1165 1146 1208 de
1178 1165 1321 1209 litter.
1356 1164 1514 1210 Graec.
1539 1167 1806 1222 usurpatum

314 1238 490 1279 secutus
524 1250 630 1277 sum.

427 1305 521 1347 Iam
556 1304 837 1360 complectar,
883 1304 990 1360 quid
1022 1304 1075 1346 de
1106 1304 1273 1347 fabulis
1307 1305 1571 1348 comicorum
1602 1304 1805 1346 sentiam.

311 1375 347 1417 F
352 1377 690 1430 ragmentorum
736 1373 1033 1416 Menandri
1078 1373 1353 1417 Graecorum
1399 1375 1526 1417 nobis
1573 1373 1805 1431 perpaucis

312 1444 509 1501 exceptis
543 1443 669 1486 nulla
699 1445 883 1500 praeter
922 1444 1093 1486 maiora
1135 1445 1237 1487 usui
1281 1446 1399 1497 sunt,
1445 1458 1559 1500 quae
1588 1442 1806 1486 Alfredus

312 1515 485 1556 Koerte
518 1513 672 1556 edidit.
735 1512 898 1556 Latine
931 1515 1082 1556 autem
1115 1528 1356 1556 conversae
1388 1528 1414 1556 a
1445 1513 1611 1557 Plauto
1644 1515 1691 1556 et
1720 1512 1804 1556 Te-

312 1584 457 1626 rentio
489 1582 731 1625 nonnullae
763 1585 948 1626 exstant
970 1582 1151 1626 fabulae
1173 1583 1410 1625 Menandri
1440 1583 1658 1638 integrae.
1719 1581 1804 1625 Fa-

315 1653 445 1695 bulae
477 1652 715 1695 Plautinae
758 1655 883 1695 certo
916 1667 942 1695 a
974 1652 1221 1695 Menandro
1268 1652 1499 1709 profectae
1546 1654 1648 1695 sunt
1697 1651 1802 1694 hae:

313 1722 584 1775 Cistellaria,
631 1722 902 1765 Bacchidum
957 1722 1098 1765 maior
1153 1737 1270 1778 pars,
1327 1736 1415 1779 qua
1460 1721 1694 1765 Menandri
1739 1720 1805 1767 Δὶς

316 1793 517 1838 ἐξαπατῶν
563 1792 904 1849 exprimitur¹)‚
951 1791 1096 1835 Stichi
1141 1806 1324 1835 scaenae
1380 1792 1523 1849 prima
1567 1794 1613 1834 et
1655 1790 1805 1834 altera

312 1862 446 1918 primi
477 1865 625 1915 actus;
671 1861 1041 1904 verisimillimum
1086 1877 1180 1905 esse
1224 1861 1361 1905 etiam
1392 1861 1678 1903 Aululariam
1711 1875 1805 1903 esse

315 1931 633 1974 Menandream
665 1931 1028 1974 commentariolo
1060 1931 1294 1988 praeclaro
1323 1930 1595 1974 Geffekenus
1626 1930 1804 1987 (Progr.

312 2000 556 2056 Hamburg.
586 2002 712 2056 1898)
746 2002 952 2058 exposuit
970 2004 1012 2051 ²).
1063 2001 1279 2044 Fortasse
1313 2001 1448 2057 etiam
1480 2015 1533 2043 ea
1562 2015 1665 2057 pars
1696 2000 1805 2043 Poe-

312 2062 390 2065 *
437 2075 468 2113 1)
497 2071 735 2105 Fraenkelius
762 2083 795 2115 p.
827 2074 893 2106 100
909 2083 954 2106 ss.
983 2071 1147 2106 fabulam
1174 2082 1253 2106 esse
1280 2071 1560 2105 contaminatam
1588 2069 1757 2105 ostendit.

434 2132 470 2167 2)
501 2131 733 2174 Argumentis
760 2131 828 2165 viri
855 2130 1066 2174 doctissimi,
1109 2141 1201 2174 quae
1227 2130 1528 2165 Wilamowitzius
1555 2129 1673 2174 (Neue
1699 2129 1806 2163 Jahr-

315 2189 450 2223 bucher
477 2190 500 2223 f.
530 2189 562 2223 d.
590 2190 638 2223 kl.
667 2191 738 2224 Alt.
770 2192 859 2224 1399
886 2202 920 2234 p.
948 2192 1033 2234 517,
1069 2189 1242 2234 laudavit,
1282 2200 1398 2234 pauca
1438 2189 1524 2224 addi
1561 2199 1667 2233 posse
1705 2193 1804 2232 puto.

316 2249 459 2282 Etenim
487 2248 693 2283 fabularum
720 2255 798 2283 arte
826 2257 1035 2294 comparata
1056 2250 1217 2284 arbitror
1235 2249 1466 2293 comprobari
1483 2248 1636 2283 eundem
1662 2251 1806 2292 poetam

320 2306 448 2341 fecisse
490 2308 645 2342 Samiam
672 2316 706 2342 et
734 2309 970 2350 Aululariam,
1010 2320 1116 2353 quam
1155 2309 1346 2353 imaginem
1386 2307 1631 2342 Menandreae
1656 2306 1807 2358 Dyscoli

316 2376 392 2400 esse
421 2366 602 2400 Geffcken.
655 2368 786 2401 voluit:

438 2429 470 2463 1)
499 2426 536 2458 In
564 2426 703 2460 Samiae
732 2439 760 2460 v.
793 2430 857 2461 142
895 2438 1030 2470 coquus
1069 2428 1106 2461 in
1145 2428 1315 2463 scaenam
1353 2425 1518 2471 procedit
1544 2426 1806 2460 Parmenonem

318 2494 503 2527 quaerens,
535 2485 595 2528 qui
621 2496 700 2519 eum
727 2486 763 2519 in
789 2497 919 2521 scaena
947 2487 1102 2531 nuptiali
1121 2486 1334 2531 apparanda
1361 2486 1534 2520 adiuvare
1560 2485 1679 2519 iussus
1706 2488 1804 2524 erat;

434 2546 470 2587 2)
498 2543 560 2578 sed
587 2550 669 2587 post
696 2555 830 2587 paucos
860 2556 985 2580 versus
1012 2548 1112 2589 (151)
1139 2545 1238 2580 fores
1266 2556 1416 2589 crepare
1444 2544 1556 2587 audit,
1591 2548 1701 2587 atque
1728 2554 1807 2577 cum

320 2601 450 2644 aliquis
479 2608 594 2644 exeat,
623 2604 739 2648 μικρὸν
766 2604 1056 2650 ‘mamae-insevisti
1083 2605 1240 2638 animum
1267 2604 1417 2638 inducit.

437 2665 473 2699 ὅ)
502 2662 592 2695 Dein
620 2661 765 2706 Chrysis
793 2673 812 2696 a
841 2663 973 2698 Demea
1001 2675 1045 2698 ex
1072 2663 1222 2698 aedibus
1251 2668 1397 2698 extrusa
1425 2661 1559 2707 prodit.

437 2723 473 2763 4)
502 2724 620 2763 Atque
659 2727 735 2755 tota
775 2732 915 2763 scaena,
957 2724 991 2756 in
1020 2734 1088 2766 qua
1123 2733 1258 2766 coquus
1297 2723 1470 2766 loquitur,
1504 2720 1745 2756 Menandrum
1770 2720 1807 2755 id

322 2779 434 2812 solnm
477 2783 641 2822 spectare
680 2784 844 2823 apparet,
885 2786 924 2814 ut
964 2782 1120 2825 spatium
1159 2782 1332 2825 temporis
1366 2781 1462 2815 inter
1487 2781 1643 2815 Demeae
1667 2780 1808 2815 'abitum

319 2842 426 2880 atque
453 2837 607 2871 reditum
635 2838 877 2873 intermissum
906 2841 1009 2882 quasi
1036 2841 1195 2886 impleat.
