1889 3284
1035 256 1088 299 66

325 372 573 415 rationibus
622 371 887 428 usurpandis
930 371 1051 414 inter
1091 387 1136 414 se
1168 371 1395 425 differant,
1440 371 1682 415 diiudicare
1721 386 1810 414 non

323 442 442 484 licet.
496 441 583 483 Sed
616 456 669 484 ex
701 455 752 484 ea
784 455 834 483 re
857 440 974 497 quod
1006 440 1142 483 etiam
1173 443 1319 497 poeta,
1353 441 1429 498 qui
1451 441 1665 497 Captivos
1695 455 1809 484 eom-

326 511 487 568 posuit‚
512 524 776 566 quamquam
799 509 1051 553 comoediae
1065 510 1364 554 Menandreae
1386 510 1672 554 adversarius
1695 511 1809 565 erat,

325 596 412 623 non
442 580 606 637 potuit,
654 580 760 636 quin
792 579 1028 623 nonnullas
1061 580 1220 623 saltem
1252 580 1419 624 formas
1451 580 1701 624 comoediae
1730 581 1810 624 im-

325 652 553 707 pugnatae
585 652 844 703 assumeret,
878 649 1188 692 verisimiliter
1219 649 1451 706 colligitur
1480 650 1589 693 haee
1619 650 1812 693 artificia

324 720 466 763 totius
490 719 631 762 fuisse
652 733 794 762 novae
817 719 1067 762 comoediae
1088 734 1230 775 neque
1262 720 1317 762 ab
1349 719 1430 763 hoe
1451 734 1614 776 genere
1639 719 1813 776 seiungi

326 789 536 846 potuisse.

439 859 507 901 De
548 857 752 901 versione
781 857 937 901 Plauti
981 861 1026 901 et
1056 857 1241 902 Terenti
1280 857 1394 901 nihil
1433 859 1539 902 novi
1580 858 1813 914 discimus5

325 943 427 971 nam
449 928 547 985 quis
571 928 767 983 ignorat,
802 927 1064 971 Terentium
1086 927 1348 984 diligentius
1372 930 1518 971 artem
1538 927 1815 971 Graecorum

326 999 590 1041 observasse
623 1000 668 1045 et
701 996 927 1040 imitatum
960 997 1085 1040 esse?
1131 997 1260 1050 Quod
1283 997 1420 1040 etiam
1449 996 1533 1040 hac
1554 997 1814 1053 quaestione

326 1068 682 1122 demonstratur,
730 1067 776 1109 in
823 1081 910 1124 qua
954 1067 1001 1109 in
1047 1067 1332 1123 undeviginti
1377 1066 1544 1110 fabulis
1591 1066 1815 1110 Plautinis

327 1138 566 1194 sexaginta
597 1137 682 1181 duo
716 1138 787 1193 (62
807 1154 815 1180 ε
837 1137 890 1179 19
923 1157 976 1172 =
1009 1137 1078 1190 3,2
1098 1171 1105 1179 .
1127 1172 1135 1179 .
1155 1138 1194 1192 .),
1241 1137 1288 1179 111
1332 1152 1409 1180 sex
1451 1136 1616 1180 fabulis
1650 1136 1815 1179 Teren-

324 1209 460 1252 tianis
493 1209 659 1264 viginti
700 1223 778 1251 sex
808 1207 1083 1251 imitationes
1115 1208 1230 1250 artis
1261 1207 1533 1264 Euripideae
1573 1207 1646 1262 (26
1669 1223 1677 1249 :
1701 1207 1727 1249 6
1759 1226 1814 1242 =

324 1280 395 1332 4‚3
415 1313 422 1322 .
443 1313 450 1321 .
473 1280 500 1333 .)
531 1278 854 1334 indagavimus.
917 1277 1104 1321 Omnino
1144 1277 1226 1321 hac
1266 1278 1477 1321 universa
1508 1276 1816 1334 disputatione
1877 1291 1886 1300 ³

325 1349 527 1392 virorum
549 1348 782 1391 doctorum
813 1347 867 1391 de
887 1347 1104 1404 Euripide
1137 1350 1184 1391 et
1204 1362 1320 1391 nova
1342 1346 1566 1390 comoedia
1588 1345 1815 1403 opiniones

324 1434 413 1461 non
442 1420 690 1472 mutantur,
724 1417 802 1461 sed
833 1417 1154 1461 confirmantur
1186 1420 1232 1461 et
1262 1417 1566 1461 illustrantur.
