1889 3284
963 205 1020 247 38

245 323 341 364 669.
375 322 572 363 Mirum
604 320 784 362 videtur
829 334 932 362 rure
977 319 1128 362 erilem
1169 319 1309 361 filium
1341 318 1601 362 Strabacem
1643 334 1733 361 non

243 391 424 434 redisse.
458 415 512 419 -—
546 390 691 432 Casin.
727 390 822 431 538.
868 388 1046 430 Miror
1090 389 1173 430 huc
1215 388 1303 431 iam
1344 402 1434 430 non
1477 388 1645 431 arcessi
1687 387 1733 430 in

243 461 489 517 proximum
521 473 705 500 uxorem
735 460 917 500 meam“.
978 457 1046 500 Cf.
1079 457 1228 510 etiam,
1263 471 1374 513 quae
1407 472 1544 513 supra
1575 457 1629 499 de
1661 473 1733 499 ex-

245 529 522 586 spectatione
569 527 753 584 exposui
796 541 893 583 pag.
926 527 983 569 30
998 527 1074 582 ss.)
1133 527 1296 582 Itaque
1327 526 1618 569 Menandrum
1661 542 1735 569 ex-

244 599 521 655 spectatione
545 612 675 653 quam
696 611 887 653 perraro
911 611 1087 638 causam
1108 595 1326 648 adhibuit,
1359 611 1413 638 ne
1444 596 1526 639 hoc
1557 596 1734 652 quidem

243 669 337 711 loco
374 683 498 710 usum
530 681 625 709 esse
657 667 871 709 arbitror.

361 737 446 779 Ad.
481 737 577 778 517.
622 735 939 792 Ctesiphonem
972 738 1019 778 et
1050 734 1217 789 Syrum
1249 734 1295 777 in
1327 749 1486 778 scaena
1518 735 1733 778 videmus.

359 805 632 848 Philemonis
664 805 748 847 huc
788 805 1021 861 pertinent
1063 819 1270 847 scaenae:
1312 805 1444 847 Most.
1483 806 1574 855 157,
1609 805 1733 847 Trin.

245 877 327 919 729
363 879 409 918 et
444 876 566 927 1125,
611 874 881 931 Apollodori
911 874 1091 916 Phorm.
1126 874 1207 916 153
1241 877 1287 917 et
1317 874 1485 930 Hecyr.
1518 875 1616 928 577,
1649 875 1735 917 De·

244 945 427 1001 mophili
462 945 643 987 Asinar.
683 945 780 997 504,
825 944 1036 1000 anonymi
1080 943 1209 986 Truc.
1244 945 1339 996 775,
1382 944 1595 999 anonymi
1636 944 1733 988 Cas.

243 1015 373 1069 4371)
409 1016 454 1057 et
487 1015 582 1056 515.
1446 1011 1448 1014 ’

360 1085 418 1126 Hi
450 1083 536 1126 loci
570 1099 718 1126 omnes
752 1083 946 1126 eiusdem
977 1083 1156 1139 generis
1188 1086 1316 1126 sunt:
1362 1083 1489 1126 Duae
1521 1081 1736 1140 personae

244 1154 465 1210 colloquio
498 1154 585 1196 iam
616 1154 793 1210 incepto
827 1169 882 1196 ex
915 1153 1097 1196 aedibus
1141 1154 1187 1195 in
1232 1168 1390 1196 scaena
1421 1153 1522 1196 sitis
1557 1158 1733 1205 exeunt,

242 1239 384 1281 neque
426 1239 504 1266 cur
542 1224 802 1281 procedant,
848 1224 996 1266 verbis
1039 1223 1226 1277 dicitur;
1273 1238 1405 1266 causa
1436 1238 1490 1266 ex
1521 1226 1737 1267 contextu

244 1295 386 1338 totius
421 1283 611 1338 scaenae
636 1294 709 1337 vel
740 1293 863 1336 nullo
897 1293 1024 1335 modo
1057 1293 1130 1335 vel
1161 1296 1317 1336 coacta
1357 1294 1736 1350 interpretatione

244 1371 298 1420 (e.
330 1381 394 1421 gr.
431 1364 637 1421 Spengel.
671 1364 728 1406 ad
760 1363 846 1406 Ad.
871 1364 988 1418 288.)
1023 1364 1135 1406 effici
1166 1366 1330 1420 potest.
1394 1363 1583 1406 Eosdem
1613 1364 1733 1407 locos

246 1435 412 1478 similes
457 1449 551 1477 esse
595 1439 787 1491 apparet
831 1434 893 1476 eis
937 1449 1045 1490 quos
1090 1449 1227 1490 supra
1271 1433 1406 1476 attuli
1448 1434 1555 1476 locis
1588 1449 1639 1477 ea
1670 1449 1733 1488 re,

244 1505 361 1561 quod
382 1519 599 1561 personae
622 1519 676 1546 ex
695 1504 880 1548 aedibus
903 1504 948 1546 in
971 1519 1130 1547 scaena
1152 1504 1399 1561 conspectis
1419 1504 1736 1560 ingrediuntur

242 1576 288 1617 in
321 1589 534 1627 scaenam,
577 1574 680 1616 dum
720 1574 1050 1631 colloquuntur.
1114 1574 1285 1617 Deinde
1317 1575 1362 1617 in
1394 1577 1587 1631 utraque
1621 1589 1736 1617 scae-

243 1659 399 1686 narum
430 1644 577 1686 forma
609 1658 827 1699 personae
857 1644 931 1687 vel
971 1644 1016 1686 in
1058 1658 1261 1687 scaenam
1294 1658 1479 1687 vacuam
1510 1643 1735 1696 incedunt,
1764 1639 1769 1642 ¹

244 1729 329 1770 quo
363 1714 532 1756 factum
576 1717 659 1764 est,
703 1708 758 1756 *ut
788 1713 886 1756 fere
919 1728 1092 1770 semper
1125 1713 1354 1757 exordium
1386 1716 1513 1756 actus
1548 1714 1620 1767 sit,
1663 1713 1737 1756 vel

246 1784 280 1826 si
313 1798 471 1826 scaena
501 1799 588 1825 non
621 1786 692 1826 est
722 1797 876 1836 vacua,
911 1798 989 1826 eae
1017 1783 1175 1826 saltem
1197 1798 1430 1841 personae,
1465 1798 1578 1840 quae
1610 1798 1737 1839 egre-

244 1852 442 1907 diuntur,
493 1868 588 1895 eam
636 1868 818 1896 vacuam
863 1867 957 1896 esse
1002 1853 1246 1910 opinantur
1280 1853 1429 1906 (Most.
1465 1854 1561 1904 157,
1611 1853 1734 1896 Trin.

246 1924 369 1976 1125,
420 1923 565 1966 Oasin.
599 1924 696 1975 437,
743 1923 909 1978 Hecyr.
943 1924 1026 1965 577
1069 1923 1141 1978 (cf.
1176 1924 1292 1977 607),
1341 1923 1473 1965 Truc.
1517 1923 1642 1978 775);
1691 1923 1737 1965 in

244 1993 490 2036 Heautont.
515 1992 671 2049 Syrus,
705 1993 781 2049 qui
811 1993 858 2034 in
890 2007 1050 2036 scaena
1080 1993 1368 2036 antecedenti
1399 1993 1574 2046 aderat,
1607 2007 1736 2049 prae-

245 2078 345 2119 ceps
378 2065 437 2116 (v.
472 2064 599 2116 1000)
633 2078 678 2106 se
708 2063 754 2104 in
786 2062 940 2118 fugam
981 2063 1060 2106 dat
1104 2078 1180 2106 ero
1224 2070 1474 2119 conspecto.
1539 2062 1736 2105 Vacuam

245 2136 395 2174 autem
427 2133 523 2175 fieri
554 2147 756 2175 scaenam
788 2132 895 2175 locis
926 2132 1032 2186 illis,
1074 2132 1231 2189 quibus
1263 2146 1478 2189 personae
1509 2132 1566 2175 ad
1598 2147 1737 2175 secre-

367 2294 400 2334 1)
429 2292 565 2326 Scaena
592 2292 710 2326 Casin.
739 2295 807 2326 437
824 2303 870 2326 ss.
899 2292 1024 2336 paucis
1052 2296 1349 2327 commemoretur
1375 2302 1523 2327 necesse
1549 2298 1615 2336 est,
1643 2293 1739 2336 quod

246 2351 410 2385 idoneam
439 2361 517 2384 eam
544 2361 622 2386 esse
649 2356 736 2395 puto
772 2351 818 2386 ad
854 2352 1059 2396 opinionem
1087 2352 1219 2386 Leonis
1247 2350 1440 2395 (Abhandl.
1469 2351 1502 2386 d.
1530 2352 1627 2386 Gott.
1656 2354 1736 2388 Ges.

246 2409 279 2445 d.
308 2410 417 2444 Wiss.
438 2410 627 2453 phil-hist.
648 2411 705 2445 Kl.
728 2414 757 2455 1,
778 2414 808 2454 7,
831 2413 936 2455 1897)
965 2410 1255 2453 confirmandam,
1285 2410 1346 2454 qui
1371 2421 1513 2445 versum
1540 2412 1608 2446 423
1632 2412 1738 2446 finem

247 2469 369 2503 facere
404 2469 521 2512 partis
547 2469 741 2513 Diphileae
777 2470 974 2505 contendit.
1024 2470 1120 2504 Nam
1147 2469 1312 2514 Olympio
1340 2474 1375 2504 et
1401 2469 1618 2514 Lysidamus
1654 2475 1739 2506 ante

246 2529 311 2563 hos
339 2528 627 2572 quattuordecim
658 2540 794 2570 versus,
831 2529 925 2573 quod
959 2530 1040 2574 plus
1068 2530 1258 2564 verborum
1280 2529 1429 2564 Chalino
1456 2530 1596 2564 arbitro
1615 2529 1738 2566 facere

246 2588 395 2630 nollent,
435 2598 473 2621 se
512 2588 608 2621 intro
636 2588 688 2622 ire
714 2589 873 2633 professi
912 2593 1014 2623 sunt:
1055 2590 1153 2623 intus
1193 2592 1332 2623 secreto
1369 2589 1584 2624 collocuturi
1622 2594 1737 2625 erant.

248 2646 384 2680 Tamen
411 2657 506 2680 nunc
539 2652 688 2691 repente
716 2649 752 2681 in
779 2661 808 2682 v.
836 2651 903 2683 437
931 2649 1027 2683 inter
1053 2659 1091 2683 se
1118 2648 1365 2691 colloquentes
1401 2647 1595 2692 prodeunt,
1630 2659 1738 2693 quam

248 2716 462 2740 scaenarum
500 2705 651 2739 formam
691 2708 816 2741 comici
856 2706 1031 2742 adhibere
1069 2711 1331 2743 consueverant
1358 2707 1396 2741 in
1422 2707 1611 2751 colloquiis
1651 2712 1736 2742 ante

247 2764 356 2799 aedes
385 2765 545 2807 secretis,
574 2776 688 2808 neque
718 2777 780 2800 cur
808 2767 997 2800 consilium
1023 2768 1242 2801 mutaverint
1268 2766 1400 2801 dicunt.
1434 2767 1553 2814 vHaec
1582 2778 1739 2802 non-co-

247 2824 398 2858 haerere
426 2828 578 2867 apparet
605 2824 728 2866 itaque
755 2825 812 2859 hic
839 2826 1109 2860 commissuram
1137 2826 1239 2861 hiare
1266 2826 1435 2861 arbitror.
