1889 3284
779 176 828 216 11

61 290 274 334 Alterum
307 290 420 333 enim
452 305 604 346 genus,
649 290 764 333 unde
806 305 922 333 nova
965 289 1190 334 comoedia
1223 292 1321 333 orte
1353 293 1435 341 est,
1481 304 1550 332 co-

62 361 235 404 moedia
271 360 470 416 antiqua,
514 360 657 403 multo
701 360 843 416 magis
876 375 1004 417 quam
1037 360 1275 416 tragoedia
1306 360 1551 416 Euripidea

61 431 202 474 vitam
233 429 504 473 cotidianam
536 429 795 485 effingebat.

671 702 873 746 CAPUT
906 703 940 744 Ι.

174 797 254 842 De
283 796 425 849 locis,
465 796 657 854 quibus
689 795 925 852 singulae
955 807 1214 852 personae
1247 794 1436 839 affectu

391 868 686 911 commotae
717 865 995 922 prodeunt,
1035 864 1217 921 agitur.

61 959 290 1016 Amphitr.
323 960 407 1002 882
425 974 480 1002 ss.
546 958 752 1012 „Durare
799 973 967 1014 nequeo
1016 958 1061 999 in
1108 957 1314 1010 aedibusg
1372 957 1437 999 ita
1484 973 1551 1000 me

544 1028 712 1085 probri,

546 1097 714 1154 Stupri,
748 1097 976 1140 dedecoris
1000 1111 1024 1139 a
1047 1096 1146 1139 viro
1171 1098 1381 1152 argutam
1413 1098 1547 1138 me0.“

181 1179 303 1222 Haec
324 1180 464 1222 verba
486 1179 590 1221 dum
620 1172 831 1235 loquitur,
866 1179 1112 1221 Alcumena
1150 1178 1354 1234 procedit
1386 1179 1553 1220 affectu

61 1249 242 1306 pudoris
275 1251 321 1292 et
360 1248 683 1305 indignationis
727 1251 947 1291 commota
988 1253 1040 1290 ut
1085 1251 1227 1290 exeat.
1306 1248 1552 1303 Egregium

60 1319 142 1362 hoc
176 1321 247 1362 est
280 1318 529 1374 exemplum
572 1318 616 1360 in
663 1318 827 1361 fabulis
871 1332 1012 1361 novae
1057 1317 1307 1360 comoediae
1340 1318 1551 1360 affectum

12 1427 17 1432 .
62 1403 158 1432 esse
180 1403 356 1431 causam
378 1387 582 1431 adeundi.
633 1388 783 1430 Etiam
806 1387 903 1430 loco
927 1388 1113 1430 Mercat.
1147 1389 1230 1429 588
1251 1403 1307 1430 ss.
1341 1388 1553 1430 affectum

59 1472 294 1514 personam
324 1458 446 1500 intus
479 1457 702 1514 expulisse
733 1457 884 1500 verbis
919 1457 1106 1500 dicitur:

63 1526 253 1581 „Sumne
275 1542 358 1584 ego
381 1527 508 1570 homo
530 1527 675 1579 miser,
701 1527 776 1583 qui
796 1542 1013 1584 nusquam
1036 1529 1147 1570 bene
1165 1541 1276 1583 queo
1295 1526 1552 1583 quiescere?

62 1596 109 1640 Si
140 1597 259 1640 domi
301 1612 408 1651 sum,
456 1597 567 1640 foris
613 1599 682 1639 est
725 1597 909 1650 animus,
960 1597 1028 1639 sin
1070 1597 1181 1639 foris
1224 1612 1333 1650 sum,
1381 1597 1552 1639 animus

119 1667 318 1710 domist.“

175 1737 380 1793 Utroque
410 1737 507 1779 loco
541 1736 677 1779 animi
708 1737 899 1779 affectus
944 1736 1224 1789 comoediam,
1268 1751 1380 1793 quae
1412 1736 1552 1779 vitam

28 1834 35 1838 ‚
61 1805 330 1849 cotidianam
360 1806 550 1862 effingit,
584 1821 852 1863 magnopere
878 1806 1099 1848 excedunt
1131 1808 1177 1848 et
1207 1820 1428 1863 personae
1462 1821 1552 1848 ser-

61 1891 187 1919 mone
219 1878 426 1930 utuntur‚
474 1876 550 1932 qui
596 1876 746 1932 potius
794 1875 1060 1932 tragoediae
1107 1891 1260 1918 sonum
1306 1875 1550 1932 adaequat;

60 1946 326 2007 praesertim
356 1945 500 2002 pudor
533 1948 838 2003 sanctitasque
870 1946 1061 1989 feminae
1108 1946 1257 1988 laesae
1299 1960 1386 2002 qua
1418 1945 1553 1988 Alcu-

60 2030 188 2058 mena
205 2018 506 2059 commovetur
529 2016 681 2060 efficit.
714 2018 765 2058 ut
787 2016 914 2059 brevi
939 2016 1255 2059 obliviscamur
1279 2015 1550 2069 comoediae3

63 2084 245 2129 Charini
265 2088 415 2129 autem
438 2086 587 2129 verbis
610 2086 896 2129 admonemur
919 2087 1066 2129 nescio
1089 2085 1307 2143 quomodo
1332 2085 1385 2128 de
1403 2085 1552 2128 verbis

66 2154 319 2212 Euripideis
362 2156 416 2198 ab
457 2155 763 2237 Aristophane
807 2156 853 2197 in
895 2155 1087 2198 A.cha1n
1121 2155 1275 2198 fabula
1317 2154 1462 2211 lepide
1508 2155 1553 2196 in

21 2270 27 2280 ¹
63 2223 178 2268 risus
210 2224 392 2268 deflexis
427 2224 547 2281 [3962
582 2226 652 2266 οὐκ
684 2225 793 2266 {voca
827 2225 936 2266 ὲκὸοι
966 2222 1035 2266 τ’
1022 2226 1137 2276 *vsa
1172 2226 1204 2265 εἰ
1237 2226 1396 2279 ,νώμην
1431 2224 1552 2281 exem]

63 2295 110 2337 et
144 2293 359 2337 similibus
391 2295 572 2337 vocibus
606 2295 678 2349 (cf.
712 2310 747 2338 e
779 2310 845 2350 gr.
879 2295 973 2337 Ion.
1007 2295 1121 2349 251).
1184 2295 1346 2351 Itaque
1379 2309 1474 2336 cum
1508 2298 1554 2338 et

63 2363 251 2407 affectus
286 2378 574 2420 personarum
605 2364 883 2421 loquentium
915 2367 962 2407 et
996 2365 1131 2407 verba
1162 2364 1318 2406 horum
1344 2379 1554 2407 versuum

63 2432 347 2489 tragoediam
368 2433 559 2490 sapiant,
594 2434 836 2477 verisimile
860 2433 1042 2477 videtur
1076 2449 1170 2477 esse
1202 2434 1389 2476 comicos
1418 2434 1554 2476 etiam

3 2518 6 2520 ’
64 2502 274 2545 affectum
300 2503 512 2547 adhibere
545 2518 721 2547 causam
754 2503 946 2546 adeundi
978 2519 1032 2546 ex
1062 2504 1302 2560 tragoedia
1333 2503 1552 2547 didicisse.

64 2570 127 2614 Et
155 2572 357 2628 profecto
388 2588 443 2615 ex
475 2573 710 2629 tragoedia
752 2573 861 2616 haec
902 2588 1035 2616 causa
1067 2576 1168 2616 orta
1199 2576 1281 2619 est,
1327 2577 1373 2616 et
1405 2576 1456 2615 ut
1487 2588 1556 2616 ac-

66 2641 265 2684 curatius
308 2641 463 2695 dicam,
508 2642 638 2685 duxit
683 2643 899 2699 originem
944 2658 997 2685 ex
1029 2643 1268 2700 tragoedia
1296 2643 1553 2700 Euripidea.

179 2709 303 2754 Haec
333 2712 613 2768 argumentis
646 2712 897 2755 confirmari
929 2728 1037 2769 opus
1070 2728 1165 2756 esse
1197 2715 1321 2770 puto.
1374 2712 1554 2755 Etenim

65 2779 218 2823 audire
251 2780 359 2823 mihi
390 2780 557 2836 videor,
591 2782 666 2838 qui
696 2797 766 2825 me
796 2782 925 2825 nimis
957 2783 1135 2839 proprie
1168 2783 1220 2825 de
1252 2781 1470 2838 Euripide
1503 2797 1555 2825 ea
