1889 3284
1028 231 1083 273 60

312 344 439 386 modo
485 344 557 386 vel
599 345 723 387 tenui
766 345 956 401 quodam
998 345 1243 402 ligamento
1288 362 1385 389 cum
1416 346 1591 389 actione
1622 347 1801 390 fabulae

316 428 527 455 conexum
559 414 605 455 in
637 428 838 456 scaenam
870 414 1093 458 duxerunt
1110 415 1153 471 ¹).

430 494 602 537 Deinde
625 495 758 537 etiam
775 496 1023 549 formulam,
1049 511 1134 552 qua
1156 497 1304 540 aditus
1327 497 1449 540 chori
1465 497 1800 554 pronuntiatur,

314 578 366 605 ex
396 564 611 620 Euripide
657 567 963 620 sumpserunt3
1013 565 1129 621 quod
1170 565 1465 609 Fraenkelius
1508 582 1549 623 p.
1582 567 1638 609 ‘70
1651 582 1684 610 s.
1729 567 1802 611 de-

312 634 582 675 monstravit
604 634 782 676 collatis
806 634 1034 677 Phoeniss.
1058 635 1257 678 versibus
1293 636 1375 678 193
1388 651 1445 679 ss.
1477 652 1575 679 cum
1597 636 1803 680 Alexidis

312 702 568 758 fragmento
604 704 699 756 107,
731 703 963 746 Menandri
994 705 1050 746 fr.
1073 704 1246 747 incerto
1279 705 1340 759 ΙΙ,
1366 705 1420 747 33
1452 705 1673 762 (Koerte),
1709 705 1803 749 Cir-

312 774 526 814 cumtons.
561 774 614 814 71
634 787 687 815 s.:
721 773 944 816 Personae
975 773 1022 815 in
1045 788 1204 817 scaena
1226 777 1459 818 versantes
1489 776 1649 818 turbae
1682 775 1805 819 chori

266 863 270 867 ·
312 840 357 882 in
389 856 591 884 scaenam
623 842 830 885 adeuntis
876 858 921 885 se
962 843 1118 886 cedere
1161 843 1326 886 dicunt.
1390 843 1478 887 Sed
1511 845 1676 900 primus
1715 845 1804 888 iam

310 909 432 953 locus
466 911 681 953 eiusmodi
713 914 781 954 est
812 913 859 954 in
890 912 1202 966 Phaethontis,
1246 928 1376 970 quam
1408 913 1607 957 fabulam
1638 914 1804 970 prioris

311 980 525 1036 temporis
570 981 803 1038 Euripidei
847 997 941 1025 esse
975 982 1353 1026 Wilamowitzius
1397 983 1564 1039 (Herm.
1600 985 1665 1037 18.
1698 985 1802 1038 434)

314 1064 367 1091 ex
399 1065 606 1093 versuum
636 1051 792 1094 formis
824 1051 1061 1106 concludit,
1095 1053 1351 1108 fragmento
1385 1053 1482 1106 773,
1513 1054 1585 1096 10:

489 1131 568 1173 αλλ’
608 1133 690 1188 ἕρπ’
726 1135 762 1180 ἐς
797 1131 947 1180 οἴκους·
980 1133 1044 1174 καὶ
1077 1133 1150 1189 γὰρ
1184 1133 1260 1176 αἵδ’
1296 1134 1369 1180 ἔξω
1405 1136 1535 1189 δόμων

488 1202 617 1257 δμῳαὶ
652 1208 833 1258 περῶςιν.
868 1203 906 1244 αἲ
938 1203 1081 1258 πατρὸς
1113 1204 1213 1245 κατὰ
1247 1203 1445 1258 σταθμοὺς

489 1272 665 1327 παίρφηι
700 1275 815 1328 δῶμα
848 1273 912 1314 καὶ
946 1275 1077 1329 δόμων
1110 1276 1292 1328 κειμήλια

485 1342 575 1381 mis
609 1343 761 1397 ἡμέραν
796 1345 966 1399 'persicon
998 1344 1256 1399 κάπιχωρίοις

486 1413 646 1466 ὀσμαῖσι
682 1414 874 1468 θυμιῶσιν
908 1415 1086 1460 εἰσόδους
1121 1415 1252 1469 δόμων
1279 1448 1286 1456 .
1313 1448 1320 1455 .
1346 1447 1354 1456 .

426 1493 571 1537 Huius
595 1494 812 1538 formulae
834 1499 983 1539 aetum
1005 1496 1203 1539 finientis
1236 1496 1281 1538 in
1303 1495 1468 1538 fabulis
1492 1494 1646 1538 latinis
1668 1509 1805 1536 unum

311 1563 530 1606 remansit
556 1564 800 1621 vestigium
821 1565 980 1608 Bacch,
1015 1582 1055 1608 v.
1081 1566 1186 1609 107:
1223 1565 1389 1620 „Simul
1420 1564 1521 1608 huie
1552 1564 1701 1607 nescio
1733 1562 1806 1606 cui

312 1633 499 1675 turbare
533 1634 607 1690 qui
638 1634 722 1677 huc
754 1635 804 1687 it,
839 1635 1143 1689 decedamus“‚
1177 1635 1292 1692 quod
1320 1635 1396 1677 Fr.
1421 1635 1511 1678 Leo
1545 1634 1710 1687 (Herm.
1733 1633 1802 1688 46,

314 1701 398 1743 492
431 1701 567 1758 Χοροῦ
599 1704 669 1746 bei
694 1704 900 1761 Plautus)
933 1705 1163 1761 cognovit;
1200 1719 1463 1762 quamquam
1494 1704 1623 1746 huius
1646 1717 1801 1747 versus

314 1773 464 1825 verba,
498 1776 549 1816 ut
580 1789 696 1816 nunc
728 1775 955 1830 leguntur.
988 1778 1091 1831 post
1122 1775 1336 1817 Plautum
1367 1778 1542 1817 mutata
1574 1775 1690 1816 sunt.

911 2160 1112 2204 CAPUT
1146 2160 1200 2203 V.

494 2265 572 2309 De
604 2264 816 2310 comicis
847 2265 1217 2323 Aristophanis
1250 2265 1614 2311 sectatoribus.

426 2369 513 2413 Sed
534 2371 803 2414 comoediam
831 2386 991 2415 novam
1024 2374 1070 2414 et
1091 2371 1351 2428 Euripidem
1381 2386 1470 2414 non
1500 2369 1635 2413 nullis
1669 2371 1800 2413 rebus

310 2439 429 2482 inter
471 2455 517 2483 se
559 2441 745 2484 differre
784 2456 871 2484 non
903 2441 1082 2484 silentio
1114 2440 1488 2498 praetereundum
1521 2442 1591 2483 est
1604 2456 1611 2493 ς
1660 2454 1801 2497 neque

312 2509 426 2551 enim
458 2510 620 2554 desunt
650 2526 736 2562 res,
782 2512 940 2568 quibus
972 2511 1224 2554 comoediae
1255 2525 1397 2554 novae
1439 2524 1535 2552 cum
1576 2509 1802 2553 comoedia

311 2582 466 2621 vetere
499 2595 688 2623 conexus
723 2581 1054 2624 demonstretur
1069 2581 1112 2637 2).

432 2735 464 2775 1)
494 2732 546 2765 (ff.
575 2732 618 2767 de
645 2733 745 2767 chori
771 2733 807 2766 in
834 2743 925 2768 nova
952 2732 1134 2768 comoedia
1164 2732 1330 2776 partibus
1357 2731 1442 2775 Leo,
1478 2732 1561 2767 hist.
1589 2726 1745 2776 litterar.
1773 2732 1800 2775 I,

312 2801 346 2833 p.
379 2793 454 2824 101.

428 2851 464 2893 2)
492 2849 582 2884 Vide
610 2850 717 2884 etiam
745 2862 826 2895 pag.
854 2854 898 2887 30
913 2861 958 2886 ss.
987 2857 1021 2886 et
1050 2850 1320 2886 adnotationem
1346 2860 1427 2895 pag.
1455 2853 1510 2885 31.
