1889 3284
986 224 1042 265 58

394 339 526 382 Ae‘ris
561 339 707 382 aditui
751 353 883 381 causa
925 354 1013 380 non
1054 339 1180 381 deest
1222 339 1270 380 in
1301 337 1571 381 Philemonis
1602 336 1764 392 fragm.

277 408 329 449 91
373 408 470 450 ideo
504 411 703 461 tantum,
748 407 866 462 quod
907 412 984 449 ae'r
1025 408 1187 464 ubique
1219 407 1348 450 adest
1365 407 1407 463 ¹).
1469 406 1602 449 Haud
1633 406 1767 449 aliter

276 480 412 533 atque
445 477 677 519 Auxilium
709 476 941 519 Menandri
982 477 1028 518 in
1058 477 1269 519 Rudente
1300 477 1512 533 Diphilea
1542 476 1764 518 Arcturus

278 550 325 589 et
356 547 402 588 in
433 547 657 602 Amphitr.
691 546 939 589 Mercurius
972 546 1209 602 prodeunt,
1250 548 1303 588 ut
1334 551 1647 602 argumentum
1679 545 1766 588 elo-

277 618 473 672 quantur
505 616 636 669 (Rud.
671 617 723 657 31
760 620 806 658 et
836 615 999 671 Amph.
1035 617 1087 657 17
1106 615 1194 670 ss),
1233 615 1279 657 id
1310 618 1399 658 est:
1443 630 1603 658 revera
1635 610 1766 657 causa

277 686 413 727 deest.
475 686 628 742 Atque
662 685 862 741 quamvis
902 700 1045 741 neque
1075 686 1252 741 poetam
1284 699 1426 741 neque
1458 684 1653 727 fabulam
1689 698 1766 726 no-

277 755 497 807 verimus,
548 758 698 797 tamen
743 757 865 797 certo
909 754 1139 797 affirmare
1181 769 1412 810 possumus
1457 753 1591 796 etiam
1634 754 1766 809 Φόβον

275 824 450 879 (fragm.
484 824 683 880 adespot.
720 825 802 866 154
815 824 892 879 K)
922 839 1011 866 non
1043 824 1221 876 dixisse,
1255 839 1334 866 cur
1366 823 1547 866 adisset.

397 905 518 948 Haec
563 906 768 957 licentia,
822 920 935 962 quae
981 906 1037 947 ad
1084 905 1256 948 aditum
1302 905 1431 947 deum
1481 904 1768 960 prologorum

276 975 546 1030 pertinebat,
591 990 616 1017 a
658 975 834 1018 comicis
881 975 1016 1018 etiam
1059 975 1115 1018 ad
1160 989 1371 1032 personas
1414 975 1606 1028 fabulae,
1654 989 1767 1031 quae

281 1050 592 1100 argumentum
635 1045 802 1092 dicunt,
850 1045 1078 1088 translata
1125 1048 1206 1087 est.
1279 1045 1410 1086 Micio
1457 1044 1503 1085 in
1533 1043 1768 1100 Adelphis,

281 1113 503 1157 Charinus
538 1115 581 1156 in
613 1115 811 1166 Mercat.y
846 1114 1097 1157 Palaestrio
1130 1115 1176 1156 in
1198 1114 1346 1156 Milite
1378 1116 1437 1167 (v.
1463 1113 1533 1168 79)
1567 1113 1768 1170 exempla

278 1186 395 1226 sunt.

394 1351 428 1377 c.
460 1335 515 1377 ln
537 1335 684 1391 prisca
705 1336 942 1393 tragoedia
965 1337 1121 1379 Attica
1142 1351 1323 1393 prorsus
1357 1350 1409 1378 ea
1440 1331 1598 1391 regula
1629 1335 1767 1387 valet,

278 1419 409 1461 quam
451 1405 735 1448 Christianus
776 1406 892 1448 Muff
934 1406 1036 1460 (Die
1081 1405 1306 1448 chorische
1338 1405 1537 1448 Technik
1580 1405 1657 1448 des
1690 1404 1769 1446 So-

276 1474 464 1530 phokles
495 1491 537 1531 p.
560 1475 633 1527 29)
656 1476 937 1518 observavit:
975 1475 1085 1530 „Die
1098 1475 1321 1531 Aufgabe‚
1347 1475 1418 1517 die
1441 1475 1519 1517 der
1541 1473 1769 1529 tragische

280 1544 398 1587 Chor
419 1544 467 1586 in
488 1544 567 1587 der
591 1544 791 1588 Parodos
816 1560 871 1587 zu
893 1545 1084 1587 erfiillen
1105 1545 1198 1598 hat,
1232 1545 1294 1587 ist
1318 1545 1400 1596 die,
1434 1545 1528 1587 sein
1550 1544 1770 1586 Kommen

279 1630 334 1656 zu
364 1615 660 1657 motivieren.
686 1649 693 1656 .
722 1617 755 1656 .“
822 1615 987 1657 Paulus
1020 1615 1209 1657 Richter
1241 1614 1418 1671 quidem
1451 1615 1558 1670 (Zur
1581 1614 1770 1656 Drama-

278 1685 428 1740 turgie
480 1684 555 1727 des
598 1672 825 1740 iischylus
872 1700 912 1741 p.
948 1685 1072 1739 135),
1125 1685 1195 1726 cui
1240 1684 1548 1741 Deckingerus
1601 1684 1658 1740 (p.
1698 1683 1770 1737 33)

278 1753 540 1805 assentitur,
585 1753 699 1796 hanc
741 1754 1014 1796 contrariam
1061 1754 1331 1796 sententiam
1377 1753 1596 1809 protulit:
1654 1753 1771 1806 „Der

279 1822 397 1865 Chor
442 1824 505 1865 ist
547 1824 592 1865 in
625 1824 705 1866 der
737 1823 963 1866 attischen
994 1823 1219 1879 Tragodie
1252 1823 1348 1866 eine
1381 1838 1428 1866 so
1461 1822 1770 1866 feststehende

278 1893 598 1949 Erscheinung⁷
623 1893 708 1936 dass
731 1894 824 1936 sein
840 1894 1091 1936 Auftreten
1111 1893 1236 1936 nicht
1258 1893 1494 1936 motiviert
1517 1909 1572 1935 zu
1589 1892 1771 1937 werden

278 1963 509 2005 braucht“.
569 1964 636 2005 At
668 1963 708 2005 ei
739 1965 994 2019 repugnant
1025 1964 1163 2006 verba
1194 1963 1481 2019 antiquorum
1511 1962 1769 2019 grammati-

280 2048 442 2085 corum,
492 2033 567 2089 qui
608 2033 778 2075 maiore
811 2033 1064 2075 fabularum
1097 2033 1224 2089 copia
1254 2034 1499 2075 utebantur
1531 2047 1661 2089 quam
1691 2046 1771 2074 nos

280 2102 441 2155 wSchol
475 2101 693 2159 Antigon.
730 2118 768 2145 V.
804 2103 925 2158 lOO):
1030 2101 1246 2157 τάπεμπτον.
1280 2101 1322 2142 δὲ
1353 2103 1525 2143 ἐοίκασνν
1559 2103 1665 2143 οὗτοι
1698 2100 1771 2142 ὑπὸ

279 2176 345 2212 τοῦ
370 2171 563 2227 Κρέοντος
585 2189 629 2225 γε
632 2175 837 2226 ,ενῆῦῦαι,
871 2171 982 2212 ἐπεὶ
1014 2171 1099 2212 καὶ
1130 2171 1213 2218 τὰς
1236 2189 1326 2227 προ
1341 2172 1528 2226 φάσεις
1560 2177 1653 2227 τῆς
1677 2172 1771 2212 εἰσ-

282 2244 399 2283 όδου
432 2252 523 2284 τῶν
557 2248 722 2298 χορῶν
755 2241 975 2289 πιθανὰς
1008 2259 1026 2282 ε
1039 2241 1143 2283 ivm
1178 2244 1276 2295 ὖεῖ;
1322 2245 1369 2285 et
1399 2242 1506 2285 licet
1535 2242 1614 2285 illo
1648 2242 1770 2298 Aga·

280 2313 522 2354 memnonis
544 2312 640 2355 loco
662 2313 720 2367 (v.
744 2314 801 2353 40
815 2312 900 2366 ss),
935 2312 989 2354 de
1011 2327 1096 2368 quo
1120 2311 1305 2355 disserit
1325 2312 1581 2364 Richterus‚
1610 2311 1769 2354 chorus

281 2396 368 2422 non
412 2382 583 2438 apertis
630 2382 776 2424 verbis
821 2396 866 2424 se
910 2381 1138 2424 sacrificiis
1171 2381 1534 2437 Clytaemestrae
1577 2381 1624 2423 in
1663 2382 1771 2423 urbe

282 2450 389 2493 visis
423 2451 656 2494 advenisse
688 2451 821 2504 dicat,
856 2453 907 2493 ut
938 2451 993 2493 de
1013 2451 1201 2493 fortuna
1222 2450 1569 2506 Agamemnonis
1603 2450 1771 2493 certior

282 2520 424 2573 fieret,
475 2535 525 2563 ea
571 2536 684 2577 quae
729 2521 990 2577 interrogat
1035 2537 1076 2563 v.
1109 2521 1163 2563 83
1179 2536 1234 2563 ss.
1283 2521 1392 2563 satis
1440 2524 1544 2563 sunt
1589 2534 1770 2573 causae;

285 2592 561 2646 spectatores
595 2590 752 2633 saltem
786 2591 934 2633 Attici
965 2591 1020 2650 iis
1053 2591 1254 2633 contenti
1286 2592 1436 2643 erant,
1483 2592 1535 2632 ut
1577 2590 1772 2632 interro-

408 2779 440 2822 l)
470 2778 668 2812 Trinummi
687 2780 858 2823 prologus
887 2790 965 2813 cum
993 2780 1123 2814 ceteris
1142 2779 1302 2824 prologis
1322 2779 1525 2822 comparari
1551 2790 1622 2813 non
1640 2770 1772 2822 potest,

287 2836 382 2880 quod
400 2836 560 2871 Philemo
588 2838 655 2871 hoc
682 2838 759 2872 loco
789 2838 896 2872 aliam
915 2838 1067 2873 formam
1085 2837 1320 2882 Euripideam
1339 2838 1503 2872 consulto
1521 2838 1682 2873 imitatus
1706 2842 1771 2872 est.
