1889 3284
814 219 913 273 “21

345 331 400 387 μὰ
430 333 498 387 τὴν
530 333 740 387 ἀναπνοὴν,
779 332 832 388 μα’.
863 332 905 373 τὸ
937 333 1049 389 χάος,
1087 332 1140 387 μὰ
1173 332 1236 373 τὸν
1271 333 1380 389 ἀέρα,

350 403 421 443 οὐκ
451 401 555 444 εἶδον
589 402 713 449 οὕτως
748 402 854 457 ἄνδρ’
887 402 1069 458 ἄγροικον
1104 403 1246 444 οὐδένα
1271 438 1277 445 .
1298 437 1333 445 ..

253 477 406 521 Ε113111
445 477 647 520 Kockius
691 478 738 519 in
781 478 922 534 praef.
957 479 980 533 ξ,
1013 479 1069 520 45
1113 478 1323 521 affectum
1366 493 1632 535 quamquam

137 547 346 590 Socrates
391 546 453 590 id'
478 561 565 589 non
606 547 754 590 verbis
799 547 908 590 dicit
952 562 1129 590 causam
1162 547 1409 603 prodeundi
1442 561 1539 591 esse
1569 549 1632 590 in-

136 616 340 660 tellexit:
398 616 552 670 „Denn
581 616 642 658 im
672 604 824 674 Arger
865 618 976 660 iiber
1020 617 1090 660 die
1121 617 1502 674 Erfolglosigkeit
1534 618 1632 674 <des

135 686 450 742 Unterrichts>
494 688 642 729 stiirzt
673 686 882 730 Socrates
928 687 1131 730 fiuchend
1175 702 1254 730 aus
1299 687 1396 730 dem
1437 688 1631 742 Hause‘ss

139 756 257 800 idem
298 756 345 798 in
390 758 412 811 ξ
443 758 499 798 47
541 756 652 798 113111
686 756 919 799 Socratem
964 771 1018 799 ex
1051 756 1232 799 aedibus
1267 757 1491 814 expulisse
1523 757 1635 801 dicit

137 825 198 881 (..
260 840 342 880 „an
373 826 458 869 den
486 825 829 868 verzweifelten
860 826 1098 868 Ausbruch
1132 826 1207 869 des
1241 826 1503 881 Unwillens,
1553 828 1633 870 der

137 895 223 939 den
254 895 462 938 Socrates
506 909 584 938 aus
628 894 725 937 dem
761 895 910 937 Hause
951 895 1094 938 trieb⁴³
1103 896 1130 949 )
1194 895 1290 938 Hoc
1330 897 1474 952 primo
1517 898 1634 954 apud

136 965 490 1021 Aristophanem
521 965 618 1008 loco
651 964 801 1007 aditus
835 966 1053 1020 probatur
1085 965 1265 1008 affectu.

253 1036 321 1078 At
359 1034 559 1078 fortasse
600 1034 708 1076 mihi
750 1033 928 1086 obicias,
980 1048 1032 1076 ea
1074 1050 1136 1088 re,
1186 1035 1302 1091 quod
1342 1035 1634 1094 philosophus

135 1120 226 1148 non
245 1105 334 1148 iam
356 1104 461 1147 deos
483 1104 556 1147 vel
579 1105 800 1147 elementa
830 1105 1088 1157 invocat,
1124 1106 1202 1148 sed
1233 1120 1314 1162 per
1347 1121 1420 1148 eos
1454 1107 1633 1161 iurat,

137 1175 325 1218 maxime
367 1173 483 1216 1111110
513 1174 657 1216 10011111
701 1175 755 1216 ab
787 1174 1004 1231 Euripide
1038 1174 1240 1229 differre:
1291 1176 1536 1231 assentior;
1586 1180 1635 1220 at

135 1244 243 1288 mihi
274 1243 512 1287 discrimen
553 1259 641 1286 non
682 1258 891 1300 magnum
935 1259 1031 1287 esse
1073 1245 1275 1300 videtur:
1323 1261 1425 1288 nam
1466 1247 1634 1290 scholio

136 1314 445 1358 Laurentiano
477 1313 535 1355 ad
565 1313 696 1370 Soph.
728 1314 798 1356 El.
831 1314 920 1356 loc.'
961 1329 1095 1371 supra
1126 1314 1268 1358 allato
1301 1315 1412 1358 hanc
1445 1316 1636 1358 formam

138 1384 288 1428 aditus
310 1398 400 1425 non
430 1383 476 1425 in
504 1397 556 1425 ea
586 1397 634 1425 re
657 1383 851 1439 positam
875 1398 968 1426 esse
991 1383 1290 1427 demonstrari
1313 1399 1482 1437 censeo,
1518 1386 1635 1442 quod

139 1454 210 1497 dei
247 1452 321 1496 vel
353 1452 573 1496 elementa
614 1467 718 1495 casu
752 1453 958 1496 vocativo
991 1453 1272 1505 invocantur,
1307 1480 1360 1485 —
1393 1455 1510 1511 quod
1543 1455 1635 1511 ple-

137 1538 324 1580 rumque
355 1522 420 1576 fit,
454 1548 509 1552 —
542 1522 620 1565 sed
652 1522 769 1578 quod
801 1525 944 1565 testes
977 1523 1179 1566 dolorum
1216 1524 1352 1573 fiunt:
1402 1527 1635 1567 testantur

139 1596 289 1637 autem
322 1596 368 1635 et
399 1592 682 1635 invocatione
715 1599 760 1634 et
792 1592 888 1635 iure
919 1592 1120 1635 iurando.

252 1662 391 1705 Alter
433 1661 555 1704 locus
595 1661 954 1718 Aristophaneus
994 1665 1062 1705 est
1104 1662 1238 1720 Vesp.
1274 1664 1397 1706 1474.
1471 1663 1635 1708 Servus

139 1732 319 1789 quidam
349 1746 404 1775 ex
436 1731 619 1774 aedibus
650 1727 830 1788 proruit
862 1747 957 1774 cum
991 1732 1175 1775 clamat:

346 1806 392 1862 νὴ
425 1806 488 1847 τὸν
521 1807 719 1855 Διόνυσον,
752 1806 881 1862 ἄπορά
914 1811 946 1860 γ’
980 1809 1072 1861 ἡμῖν
1105 1807 1317 1863 πράγματα

347 1877 498 1932 δαίμων
532 1893 585 1923 τις
619 1877 903 1932 ἐςκεκύκληκεν
930 1879 969 1923 ἐς
1003 1877 1071 1931 τὴν
1105 1878 1243 1920 οἰκίαν.

138 1952 329 1996 Maxime
357 1954 599 1995 commotus
635 1955 705 1995 est
736 1953 933 1996 amentia
955 1953 1269 1996 Phssocleonis.
1317 1954 1469 1996 Etiam
1492 1954 1633 1997 Leeu-

137 2037 305 2075 wenus,
347 2022 424 2078 qui
454 2036 609 2065 causas
641 2022 833 2065 adeundi
865 2023 1003 2066 ferme
1036 2022 1251 2079 neglegit,
1292 2023 1372 2066 hoc
1413 2023 1509 2066 1000
1543 2039 1634 2067 801·-

116 2109 117 2112 ’
138 2107 243 2135 vum
274 2092 441 2134 affectu
462 2091 704 2134 adductum
727 2092 881 2148 egredi
902 2094 1063 2149 putare
1086 2092 1288 2135 videtur:
1328 2092 1502 2145 ,sosias
1536 2108 1632 2136 cum

137 2175 301 2218 magna
342 2161 478 2204 animi
519 2162 864 2205 conturbatione
908 2162 1032 2205 foras
1077 2162 1299 2218 proruit“.
1371 2162 1433 2205 Hi
1476 2178 1633 2206 versus

138 2230 372 2288 pristinam
404 2230 594 2274 formam
627 2230 756 2273 huius
788 2231 1003 2274 introitus
1037 2231 1169 2273 valde
1201 2231 1470 2274 infirmatam
1502 2247 1633 2289 prae-

138 2301 266 2343 bent:
299 2300 439 2342 Nulla
469 2300 558 2342 iam
589 2301 754 2343 mentio
788 2301 1130 2353 elementorum3
1175 2301 1521 2357 Aristophanes,
1558 2302 1634 2358 qui

136 2371 183 2413 in
223 2369 427 2412 Nubibus
443 2369 473 2421 1)
535 2369 765 2413 Socratem
806 2385 887 2427 per
931 2370 1164 2422 elementa,
1230 2386 1338 2427 quos
1385 2370 1489 2414 deos
1537 2386 1634 2415 esse

137 2441 284 2497 putat,
316 2439 541 2483 iurantem
572 2440 694 2493 fecit,
726 2439 809 2482 hoc
839 2440 935 2482 loco
969 2439 1110 2493 deum,
1143 2440 1265 2482 cuius
1299 2440 1392 2483 dies
1424 2440 1632 2484 solemnis

138 2509 405 2562 celebratur,
436 2524 516 2566 pro
546 2508 769 2552 Socrateis
803 2509 896 2552 deis
931 2509 1180 2566 supposuit.
1243 2510 1339 2553 Hoc
1368 2510 1497 2553 modo
1531 2525 1632 2553 con-

138 2578 334 2622 formata
378 2579 466 2621 iam
511 2579 690 2634 ingenio
739 2582 785 2622 et
829 2579 999 2622 rationi
1047 2579 1297 2622 comoediae
1344 2579 1452 2622 haec
1499 2594 1633 2623 causa

138 2648 359 2704 adaptata
389 2650 500 2691 erat.

263 2778 296 2821 1)
324 2778 451 2812 Utrum
476 2777 576 2812 locus
611 2778 774 2822 priorum
809 2788 855 2811 311
890 2778 1132 2822 posteriomm
1160 2777 1317 2811 Nubium
1356 2777 1412 2819 sit,
1450 2778 1536 2811 mihi
1563 2788 1637 2812 non

139 2840 292 2873 constat.
