1889 3284
102 40 228 64 &Cum-nir
228 37 278 51 ⁴⁴⁴⁴

829 211 877 253 31

4 319 7 324 ’
110 320 258 368 ficatis
303 324 527 377 referret,
581 325 829 368 advenerit.
907 325 1062 369 Verba
1109 326 1362 371 Pithetaeri
1414 328 1600 371 afferam

107 409 288 438 necesse
319 396 389 437 est
418 396 606 452 propter
637 395 824 438 formam
857 396 1051 439 exordii:

303 463 352 504 τὰ
385 463 453 518 μὲν
487 464 555 518 ἱέρ’
588 467 681 519 ἡμῖν
714 466 829 518 ἐστιν,
863 466 1040 520 ὦρνιθες,
1074 466 1198 506 καλά·

305 534 406 574 ἀλλ’
440 536 503 580 ὡς
536 533 613 574 ἀπὸ
644 537 712 574 τοῦ
745 535 900 588 τείχους
932 534 1114 589 πάρεστιν
1150 535 1314 582 ἄ·’·’τλος

306 603 447 656 οὐδείς,
483 594 572 644 ὅτου
606 605 837 657 πὲυσόμεθα
868 605 977 645 τάκεῖ
1010 604 1234 659 πράγματα.

34 690 41 706 2
222 672 359 729 Apud
387 672 651 729 Euripidem
693 673 799 716 haec
844 688 976 716 causa
1018 673 1266 730 prodeundi
1309 677 1461 718 exstat
1504 674 1599 718 loco

105 741 204 800 Iph.
236 742 342 785 Aul.
378 742 510 784 1098:
559 741 892 797 Clytaemestra
936 758 989 786 ex
1033 743 1213 786 aedibus
1256 744 1502 799 egreditur,
1550 747 1600 786 ut

23 805 50 852 “f
106 810 485 869 Agamemnonem
517 815 768 868 exspectet:

302 882 469 936 ἐξῆλθον
501 881 620 922 οἴκων
651 882 976 936 προσκοπουμένη
1012 883 1135 934 πόσιν,

304 952 461 1007 χρόνιον
495 952 644 992 ἀπόντα
675 953 965 992 κάκλελοιπότα
998 952 1150 1005 στέγας.

221 1020 357 1064 Alter
396 1020 518 1064 locus
549 1020 910 1077 Aristophaneus
954 1023 1021 1064 est
1064 1021 1182 1064 Eccl.
1216 1022 1313 1073 877,
1363 1036 1447 1077 quo
1491 1035 1600 1064 anus

33 1093 45 1128 ‘-
104 1105 160 1134 ex
190 1090 396 1134 fenestra
426 1090 549 1133 viros
582 1093 837 1147 exspectat:

301 1161 337 1201 τί
367 1160 460 1201 ποθ’
493 1160 631 1215 ἄνδρες
663 1161 737 1216 οὐχ
768 1162 952 1215 ἥκουσινς
988 1162 1073 1215 ὥρα
1107 1159 1134 1200 δ’
1173 1161 1220 1214 ἦν
1253 1160 1390 1202 πάλαι.

103 1229 223 1274 Uter
252 1232 388 1288 poeta
418 1229 546 1286 prior
575 1228 718 1272 fuerit
749 1229 948 1272 locorum
973 1230 1164 1272 formam
1197 1230 1235 1272 si
1257 1232 1443 1285 spectes,
1476 1229 1599 1272 inda-

22 1291 65 1342 f..
102 1299 207 1357 gari
249 1315 338 1343 non
384 1301 558 1356 potest3
609 1313 752 1356 neque
801 1299 916 1342 enim
962 1299 1048 1342 loci
1094 1298 1418 1355 Aristophanei
1461 1298 1601 1340 ullum

33 1397 45 1402 -
104 1369 348 1427 vestigium
379 1368 592 1426 parodiae
620 1364 862 1425 praebent,
897 1371 944 1412 et
975 1368 1221 1425 Euripidei'
1239 1382 1396 1410 versus
1427 1368 1599 1424 apertis

105 1440 257 1483 verbis
289 1453 466 1482 causam
497 1436 711 1492 indicant,
756 1439 802 1481 id
833 1439 962 1495 quod,
1009 1438 1046 1481 si
1076 1438 1189 1481 hanc
1220 1451 1398 1481 causam
1430 1437 1524 1480 sive
1556 1438 1601 1479 in

30 1506 46 1556 ζ’
106 1523 269 1553 scaena
297 1508 477 1565 tragica
520 1508 614 1551 sive
654 1508 819 1552 comica
861 1511 1139 1564 spectatores
1182 1507 1337 1550 audire
1380 1507 1469 1549 iam
1501 1521 1600 1550 con-

30 1637 35 1639 *
106 1580 361 1632 sueverant,
392 1578 491 1621 fieri
522 1592 611 1620 non
644 1592 752 1634 opus
785 1580 898 1621 erat.
959 1577 1088 1620 Hanc
1118 1577 1263 1633 igitur
1296 1576 1602 1633 quaestionem

20 1640 47 1707 ’
104 1647 154 1691 in
182 1647 316 1691 dubio
347 1646 648 1704 relinquamus
693 1650 739 1690 et
770 1647 1061 1704 inquiramus,
1110 1645 1326 1703 quomodo
1359 1645 1602 1688 Menander

105 1731 160 1761 ea
190 1731 323 1761 causa
356 1732 460 1760 usus
493 1716 574 1760 sit:

51 1779 59 1783 μ
221 1786 529 1830 Heautontim.
558 1786 656 1829 879.
701 1785 912 1828 Chremes
946 1785 1047 1828 dum
1080 1799 1176 1828 cum
1207 1799 1345 1826 uxore
1376 1784 1599 1827 introrsus

23 1871 48 1916 ,⁴⁸
105 1856 308 1914 loquitur
323 1856 367 1911 l),
414 1856 522 1899 exit.
584 1855 757 1899 Deinde
800 1855 847 1897 in
893 1869 1052 1898 scaena
1094 1855 1192 1911 ipsa
1237 1854 1277 1896 ei
1319 1854 1365 1895 in
1409 1856 1600 1896 mentem

21 1923 43 1961 ss
107 1926 264 1970 venire
295 1925 478 1969 videtur
500 1925 800 1982 Clitiphonem
833 1927 879 1967 et
911 1924 1076 1980 Syrum
1107 1922 1301 1966 nondum
1334 1937 1388 1965 ex
1420 1922 1602 1965 aedibus

108 1995 358 2040 Menedemi
391 1995 577 2039 redisse.
638 1995 763 2038 Haec
795 1996 899 2037 sunt
931 1994 1023 2037 eius
1056 1994 1215 2036 verba:

170 2065 292 2120 „Ohe
320 2065 410 2108 iam
441 2065 593 2108 desine
626 2064 743 2118 deos,
776 2078 903 2116 uxor,
936 2062 1208 2119 gratulando
1244 2061 1490 2104 obtundere

164 2137 292 2179 tuam
323 2149 418 2178 esse
446 2135 679 2178 inventam
708 2136 914 2190 gnatam;
947 2133 1036 2175 nisi
1057 2132 1158 2175 illos
1191 2146 1245 2174 ex
1264 2133 1342 2173 tuo
1364 2131 1543 2186 ingenio

1298 2199 1483 2253 iudicas,

163 2275 220 2316 ut
247 2272 360 2316 nihil
382 2272 538 2316 credas
560 2271 840 2327 intellegere,
874 2270 961 2313 nisi
983 2270 1096 2313 idem
1121 2269 1336 2312 dictumst
1362 2269 1542 2312 centies

165 2343 262 2387 sed
289 2342 471 2387 interim
512 2341 618 2399 quid
660 2340 753 2383 illic
785 2339 1040 2383 iamdudum
1071 2342 1237 2395 gnatus
1269 2343 1416 2381 cessat
1446 2354 1545 2381 cum

1306 2407 1480 2464 Syro‘?“

223 2479 311 2533 Qui
340 2493 496 2523 versus
527 2479 767 2523 manifesto
794 2477 978 2521 eandem
1000 2476 1188 2519 formam
1211 2477 1436 2531 exhibent,
1470 2469 1601 2534 quam

229 2597 266 2641 1)
289 2596 390 2631 Haec
416 2594 536 2631 forma
561 2597 741 2631 introrsus
760 2594 942 2639 loquendi,
971 2604 1076 2638 quam
1105 2600 1235 2638 poetae
1261 2604 1375 2628 novae
1394 2593 1601 2629 comoediae

106 2655 282 2692 sescentis
315 2654 406 2690 locis
441 2654 696 2698 adhibuerunt,
737 2667 780 2690 ex
817 2652 1003 2688 comoedia
1038 2657 1160 2688 vetere
1195 2653 1330 2688 oritur:
1374 2652 1416 2686 In
1442 2653 1600 2689 Acharn.

106 2725 138 2750 v.
159 2716 250 2749 1003
276 2713 507 2758 Dicaeopolis
534 2713 619 2748 dum
636 2720 789 2759 propter
807 2712 1041 2757 praeconium
1069 2712 1153 2754 exit,
1181 2712 1361 2746 introrsus
1389 2722 1469 2746 cum
1487 2712 1600 2746 servis

38 2781 44 2784 ·
105 2777 144 2810 et
168 2773 380 2808 mulieribus
404 2773 569 2817 loquitur
594 2776 704 2817 atque
740 2772 886 2817 negotia
912 2770 1072 2806 mandat.
1123 2771 1191 2806 Hic
1226 2781 1318 2806 unus
1354 2771 1454 2805 locus
1480 2770 1517 2804 in
1545 2781 1601 2805 co-

0 2851 1 2854 *
24 2833 26 2838 '
47 2869 49 2871 ,
106 2831 250 2868 moedia
273 2837 396 2867 vetere
421 2836 552 2868 exstat.
