1889 3284
757 600 967 653 VITA.

239 717 428 762 Carolus
459 718 743 762 Hermannus
776 720 939 771 Harms
983 727 1113 768 natus
1160 741 1254 768 sum
1294 727 1459 770 Emdae
1502 731 1606 771 ante

125 785 240 830 diem
271 787 476 855 quintum
518 787 734 831 decimum
764 789 854 832 kal.
887 791 1156 837 Februarias
1199 796 1301 837 anni
1333 797 1445 839 1890
1475 800 1606 853 patre

122 856 322 900 Iohanne
364 860 507 901 matre
551 857 675 901 Meta
717 873 739 900 e
779 862 914 915 gente
955 861 1163 919 Schrage.
1233 864 1359 907 Fidei
1403 866 1605 909 addictus

124 940 220 969 sum
250 926 536 983 evangelicae
559 927 843 971 Luthericae.
906 929 1065 974 Primis
1098 932 1355 976 litterarum
1377 935 1604 978 elementis

123 1009 151 1039 a
180 998 323 1039 matre
354 996 550 1039 imbutus
581 1011 661 1053 per
691 997 914 1040 biennium
946 999 1040 1041 ludi
1071 1003 1126 1043 ab
1159 1002 1341 1045 ecclesia
1366 1003 1606 1047 Lutherica

123 1065 328 1108 instituti
358 1065 601 1123 discipulus
633 1066 712 1108 fui.
775 1068 946 1111 Deinde
987 1084 1067 1125 per
1111 1086 1269 1113 novem
1312 1086 1448 1114 annos
1479 1088 1606 1129 gym-

122 1135 298 1178 nasium
321 1135 447 1178 urbis
473 1134 652 1191 patriae
673 1135 973 1193 frequentavi.
1036 1140 1316 1183 Maturitatis
1348 1142 1605 1185 testimonio

67 1241 71 1244 i
124 1206 306 1261 accepto
338 1219 366 1248 a
395 1219 504 1248 vere
546 1219 685 1261 usque
727 1206 783 1248 ad
826 1208 1083 1250 autumnum
1124 1209 1227 1251 anni
1261 1210 1372 1251 1908
1410 1210 1604 1264 Bonnae,

123 1273 281 1317 deinde
321 1276 461 1331 usque
500 1274 559 1317 ad
596 1289 675 1317 ver
715 1275 819 1317 anni
853 1277 963 1318 1910
994 1277 1206 1331 Berolini,
1249 1282 1343 1321 tum
1384 1294 1519 1335 usque
1550 1280 1607 1322 ad

124 1359 204 1388 ver
236 1344 342 1387 anni
373 1344 485 1387 1913
507 1343 758 1400 Gottingae
792 1360 971 1401 operam
1003 1346 1104 1389 dedi
1135 1347 1294 1390 studiis
1326 1348 1605 1405 philologieis

124 1416 173 1458 et
202 1413 440 1457 historicis.
501 1413 686 1470 Magnas
728 1429 900 1470 semper
941 1414 1111 1459 habebo
1152 1417 1322 1472 gratias
1365 1418 1476 1460 viris
1509 1418 1606 1461 doc-

26 1491 83 1541 {⁸
122 1483 321 1537 tissimis,
355 1483 430 1540 qui
453 1498 519 1526 me
543 1483 811 1526 docuerunt:
849 1484 1132 1538 Brinkmann,
1166 1485 1310 1538 Elter,
1340 1487 1605 1539 Loeschcke,

122 1553 264 1608 Μελ-Χ,
299 1552 353 1596 de
373 1553 505 1606 Mess,
538 1552 714 1604 Nissen,
748 1552 947 1596 Solmsen
980 1554 1300 1607 Bonnensibus,
1335 1555 1603 1607 Hirschfeld,

119 1623 254 1675 Lenz,
288 1622 340 1666 E.
372 1623 542 1678 Meyer,
586 1622 782 1674 Norden,
824 1623 969 1671 Riehl,
1011 1623 1129 1667 Gufl.
1176 1623 1374 1675 Schulze,
1418 1625 1605 1679 Vahlen,

120 1691 828 1736 deWilamowitz-Moellendorff
844 1692 1218 1744 Berolinensibus‚
1232 1693 1414 1743 Brandi‚
1432 1694 1604 1743 Busolt,

120 1762 324 1816 Husserl,
356 1761 410 1806 G.
443 1761 628 1814 Koerte,
661 1761 765 1813 Leo,
799 1760 992 1813 Mollwo,
1027 1761 1081 1804 G.
1104 1762 1154 1803 E.
1188 1761 1361 1813 Miiller,
1395 1762 1603 1816 Pohlenz,

121 1831 379 1876 Wendland
411 1831 800 1887 Gottingensibus.
863 1831 1045 1874 Bonnae
1078 1834 1124 1874 et
1155 1831 1358 1874 Berolini
1390 1833 1605 1875 exercita-

119 1901 318 1945 tionibus
348 1901 662 1958 proseminarii
701 1900 972 1957 philologici,
1018 1900 1265 1957 Gottingae
1296 1901 1607 1957 proseminarii

119 1970 326 2014 historici
356 1985 520 2014 annum
553 1973 600 2013 et
630 1970 942 2027 proseminarii
969 1970 1297 2026 archaeologici
1329 1985 1406 2013 sex
1436 1985 1606 2013 menses

119 2040 324 2094 interfui,
356 2040 554 2084 Busoltii
576 2040 923 2083 exercitationes
946 2043 1018 2082 ter
1040 2054 1165 2082 senos
1197 2054 1366 2082 menses
1400 2039 1606 2095 frequen-

119 2111 219 2155 tavi
231 2126 244 2165 ;Δ
287 2109 516 2153 seminarii
560 2109 821 2167 philologici
868 2109 1047 2152 secundi
1088 2111 1134 2152 et
1176 2109 1401 2151 seminarii
1442 2109 1606 2165 prioris
1694 2141 1697 2148 .

82 2228 92 2236 ἢ
123 2180 372 2236 Gottingae
404 2179 606 2236 singulos
639 2194 776 2222 annos
815 2179 975 2231 Leone,
1020 2178 1274 2230 Pohlenzio,
1308 2170 1604 2220 Wendlandio

119 2249 455 2293 moderantibus
488 2248 654 2292 sodalis
687 2249 765 2291 fui.
828 2248 1071 2290 Plurimum
1105 2249 1253 2290 autem
1285 2247 1424 2289 Leoni
1455 2246 1603 2298 debeo,

114 2305 544 2371 'cuius3memoriam,
589 2333 686 2361 cum
726 2318 924 2361 omnibus
970 2316 1131 2360 studiis
1164 2316 1271 2358 meis
1303 2319 1438 2371 atque
1471 2316 1605 2358 etiam

119 2383 222 2434 huid
252 2389 507 2447 quaestioni
528 2387 823 2431 conficiendae
844 2387 1033 2442 benigne
1056 2385 1238 2437 faverit,
1271 2399 1440 2440 semper
1470 2387 1604 2440 grato

119 2459 265 2502 animo
297 2458 451 2518 colam.
501 2457 592 2500 Pro
615 2456 836 2500 facultate
858 2455 1043 2498 docendi
1065 2468 1247 2497 examen
1280 2453 1471 2496 sustinui
1494 2452 1605 2495 Got-

119 2529 276 2584 tingae
318 2529 425 2570 ante
467 2526 583 2570 diem
623 2526 836 2569 decimum
877 2524 979 2567 Kal.
1012 2523 1199 2566 Martias
1242 2522 1345 2564 anni
1378 2522 1500 2564 1913.
1562 2523 1605 2563 A

40 2609 45 2614 ’
120 2597 227 2642 Kal.
257 2597 404 2655 April.
427 2592 666 2650 anniffll9l3
700 2594 923 2638 seminarii
944 2592 1248 2649 paedagogici,
1282 2591 1399 2648 quod
1426 2590 1604 2633 adiunc-

120 2670 218 2712 tum
251 2671 322 2711 est
351 2665 584 2724 gymnasio
617 2663 920 2708 Fridericiano
952 2661 1224 2714 Herfordae,
1258 2659 1421 2703 sodalis
1454 2660 1532 2702 fui.
