<?xml version="1.0" encoding="UTF-8"?>
<!DOCTYPE html PUBLIC "-//W3C//DTD XHTML 1.0 Transitional//EN"
    "http://www.w3.org/TR/xhtml1/DTD/xhtml1-transitional.dtd">
<html xmlns="http://www.w3.org/1999/xhtml" xml:lang="en" lang="en">
 <head>
  <title>
</title>
<meta http-equiv="Content-Type" content="text/html;charset=utf-8" />
  <meta name='ocr-system' content='tesseract 3.04.00' />
  <meta name='ocr-capabilities' content='ocr_page ocr_carea ocr_par ocr_line ocrx_word'/>
</head>
<body>
  <div class='ocr_page' id='page_1' title='image "./deintroituperson00harmuoft_0012.png"; bbox 0 0 1889 3284; ppageno 0'>
   <div class='ocr_carea' id='block_1_1' title="bbox 1036 193 1090 235">
    <p class='ocr_par' dir='ltr' id='par_1_1' title="bbox 1036 193 1090 235">
     <span class='ocr_line' id='line_1_1' title="bbox 1036 193 1090 235; baseline 0.019 -1"><span class='ocrx_word' id='word_1_1' title='bbox 1036 193 1090 235; x_wconf 86' lang='lat'>10</span> 
     </span>
    </p>
   </div>
   <div class='ocr_carea' id='block_1_2' title="bbox 312 306 1808 1612">
    <p class='ocr_par' dir='ltr' id='par_1_2' title="bbox 315 306 1807 488">
     <span class='ocr_line' id='line_1_2' title="bbox 432 306 1806 363; baseline 0.001 -14"><span class='ocrx_word' id='word_1_2' title='bbox 432 307 782 350; x_wconf 78' lang='lat' dir='ltr'>Philemonis</span> <span class='ocrx_word' id='word_1_3' title='bbox 814 306 992 350; x_wconf 85' lang='lat' dir='ltr'>fabulas</span> <span class='ocrx_word' id='word_1_4' title='bbox 1025 307 1228 350; x_wconf 83' lang='lat' dir='ltr'>novimus</span> <span class='ocrx_word' id='word_1_5' title='bbox 1261 311 1354 351; x_wconf 89' lang='lat' dir='ltr'>tres</span> <span class='ocrx_word' id='word_1_6' title='bbox 1386 323 1412 351; x_wconf 90' lang='lat' dir='ltr'>a</span> <span class='ocrx_word' id='word_1_7' title='bbox 1443 308 1607 352; x_wconf 88' lang='lat' dir='ltr'>Plauto</span> <span class='ocrx_word' id='word_1_8' title='bbox 1638 323 1806 363; x_wconf 79' lang='lat' dir='ltr'>versas,</span> 
     </span>
     <span class='ocr_line' id='line_1_3' title="bbox 316 376 1807 434; baseline 0.001 -16"><span class='ocrx_word' id='word_1_9' title='bbox 316 377 625 431; x_wconf 80' lang='lat' dir='ltr'>Mercatorem,</span> <span class='ocrx_word' id='word_1_10' title='bbox 659 376 978 429; x_wconf 83' lang='lat' dir='ltr'>Trinummum,</span> <span class='ocrx_word' id='word_1_11' title='bbox 1012 376 1351 431; x_wconf 89' lang='lat' dir='ltr'>Mostellariam,</span> <span class='ocrx_word' id='word_1_12' title='bbox 1393 392 1505 434; x_wconf 88' lang='lat' dir='ltr'>quae</span> <span class='ocrx_word' id='word_1_13' title='bbox 1536 393 1624 421; x_wconf 92' lang='lat' dir='ltr'>non</span> <span class='ocrx_word' id='word_1_14' title='bbox 1655 380 1807 420; x_wconf 88' lang='lat' dir='ltr'>conta-</span> 
     </span>
     <span class='ocr_line' id='line_1_4' title="bbox 315 446 1054 488; baseline 0 -1"><span class='ocrx_word' id='word_1_15' title='bbox 315 447 607 488; x_wconf 83' lang='lat' dir='ltr'>taminatione</span> <span class='ocrx_word' id='word_1_16' title='bbox 639 446 903 488; x_wconf 72' lang='lat' dir='ltr'>immutatae</span> <span class='ocrx_word' id='word_1_17' title='bbox 937 452 1054 488; x_wconf 81' lang='lat' dir='ltr'>sunt.</span> 
     </span>
    </p>

    <p class='ocr_par' dir='ltr' id='par_1_3' title="bbox 315 514 1807 765">
     <span class='ocr_line' id='line_1_5' title="bbox 431 514 1807 572; baseline 0.001 -16"><span class='ocrx_word' id='word_1_18' title='bbox 431 515 663 571; x_wconf 85' lang='lat' dir='ltr'>Diphili</span> <span class='ocrx_word' id='word_1_19' title='bbox 706 514 889 557; x_wconf 82' lang='lat' dir='ltr'>Rudens</span> <span class='ocrx_word' id='word_1_20' title='bbox 933 515 1132 570; x_wconf 86' lang='lat' dir='ltr'>integra,</span> <span class='ocrx_word' id='word_1_21' title='bbox 1180 514 1343 558; x_wconf 86' lang='lat' dir='ltr'>Casina</span> <span class='ocrx_word' id='word_1_22' title='bbox 1384 530 1589 571; x_wconf 84' lang='lat' dir='ltr'>magnam</span> <span class='ocrx_word' id='word_1_23' title='bbox 1633 518 1807 572; x_wconf 88' lang='lat' dir='ltr'>partem</span> 
     </span>
     <span class='ocr_line' id='line_1_6' title="bbox 316 583 1806 642; baseline 0.001 -16"><span class='ocrx_word' id='word_1_24' title='bbox 316 584 620 626; x_wconf 78' lang='lat' dir='ltr'>contaminata</span> <span class='ocrx_word' id='word_1_25' title='bbox 653 587 743 637; x_wconf 85' lang='lat' dir='ltr'>est;</span> <span class='ocrx_word' id='word_1_26' title='bbox 779 584 913 626; x_wconf 83' lang='lat' dir='ltr'>etiam</span> <span class='ocrx_word' id='word_1_27' title='bbox 936 583 1235 637; x_wconf 86' lang='lat' dir='ltr'>Vidulariam,</span> <span class='ocrx_word' id='word_1_28' title='bbox 1269 585 1390 627; x_wconf 87' lang='lat' dir='ltr'>cuius</span> <span class='ocrx_word' id='word_1_29' title='bbox 1423 585 1535 627; x_wconf 88' lang='lat' dir='ltr'>nihil</span> <span class='ocrx_word' id='word_1_30' title='bbox 1566 585 1653 627; x_wconf 89' lang='lat' dir='ltr'>nisi</span> <span class='ocrx_word' id='word_1_31' title='bbox 1684 585 1806 642; x_wconf 84' lang='lat' dir='ltr'>frag-</span> 
     </span>
     <span class='ocr_line' id='line_1_7' title="bbox 316 653 1807 710; baseline 0.002 -15"><span class='ocrx_word' id='word_1_32' title='bbox 316 657 464 696; x_wconf 80' lang='lat' dir='ltr'>menta</span> <span class='ocrx_word' id='word_1_33' title='bbox 509 656 761 710; x_wconf 88' lang='lat' dir='ltr'>supersunt,</span> <span class='ocrx_word' id='word_1_34' title='bbox 811 653 952 696; x_wconf 90' lang='lat' dir='ltr'>eidem</span> <span class='ocrx_word' id='word_1_35' title='bbox 994 656 1156 710; x_wconf 87' lang='lat' dir='ltr'>poetae</span> <span class='ocrx_word' id='word_1_36' title='bbox 1200 668 1292 696; x_wconf 90' lang='lat' dir='ltr'>esse</span> <span class='ocrx_word' id='word_1_37' title='bbox 1327 655 1611 697; x_wconf 74' lang='lat' dir='ltr'>tribuendam</span> <span class='ocrx_word' id='word_1_38' title='bbox 1653 655 1807 699; x_wconf 86' lang='lat' dir='ltr'>verisi-</span> 
     </span>
     <span class='ocr_line' id='line_1_8' title="bbox 315 724 533 765; baseline 0.005 -1"><span class='ocrx_word' id='word_1_39' title='bbox 315 724 417 765; x_wconf 87' lang='lat' dir='ltr'>mile</span> <span class='ocrx_word' id='word_1_40' title='bbox 452 726 533 765; x_wconf 89' lang='lat' dir='ltr'>est.</span> 
     </span>
    </p>

    <p class='ocr_par' dir='ltr' id='par_1_4' title="bbox 312 792 1808 1612">
     <span class='ocr_line' id='line_1_9' title="bbox 429 792 1807 849; baseline 0.001 -15"><span class='ocrx_word' id='word_1_41' title='bbox 429 792 721 849; x_wconf 86' lang='lat' dir='ltr'>Exemplaria</span> <span class='ocrx_word' id='word_1_42' title='bbox 766 792 1044 836; x_wconf 88' lang='lat' dir='ltr'>Phormionis</span> <span class='ocrx_word' id='word_1_43' title='bbox 1090 796 1136 836; x_wconf 84' lang='lat' dir='ltr'>et</span> <span class='ocrx_word' id='word_1_44' title='bbox 1183 793 1393 849; x_wconf 78' lang='lat' dir='ltr'>Hecyrae</span> <span class='ocrx_word' id='word_1_45' title='bbox 1437 793 1807 837; x_wconf 84' lang='lat' dir='ltr'>Terentianarum</span> 
     </span>
     <span class='ocr_line' id='line_1_10' title="bbox 316 862 1807 919; baseline 0.001 -14"><span class='ocrx_word' id='word_1_46' title='bbox 316 865 448 905; x_wconf 86' lang='lat' dir='ltr'>erant</span> <span class='ocrx_word' id='word_1_47' title='bbox 474 862 654 904; x_wconf 72' lang='lat' dir='ltr'>fabulae</span> <span class='ocrx_word' id='word_1_48' title='bbox 682 862 1038 918; x_wconf 82' lang='lat' dir='ltr'>Apollodori</span> <span class='ocrx_word' id='word_1_49' title='bbox 1061 862 1273 919; x_wconf 84' lang='lat' dir='ltr'>Carystii,</span> <span class='ocrx_word' id='word_1_50' title='bbox 1306 863 1546 906; x_wconf 86' lang='lat' dir='ltr'>Asinariae</span> <span class='ocrx_word' id='word_1_51' title='bbox 1567 863 1807 906; x_wconf 84' lang='lat' dir='ltr'>Plautinae</span> 
     </span>
     <span class='ocr_line' id='line_1_11' title="bbox 313 931 1805 989; baseline 0.001 -15"><span class='ocrx_word' id='word_1_52' title='bbox 313 934 470 974; x_wconf 77' lang='lat' dir='ltr'>auctor</span> <span class='ocrx_word' id='word_1_53' title='bbox 500 931 887 987; x_wconf 83' lang='lat' dir='ltr'>Demophilus.</span> <span class='ocrx_word' id='word_1_54' title='bbox 947 932 1168 988; x_wconf 83' lang='lat' dir='ltr'>Reliquae</span> <span class='ocrx_word' id='word_1_55' title='bbox 1190 932 1372 975; x_wconf 86' lang='lat' dir='ltr'>fabulae</span> <span class='ocrx_word' id='word_1_56' title='bbox 1404 947 1655 989; x_wconf 86' lang='lat' dir='ltr'>anonymae</span> <span class='ocrx_word' id='word_1_57' title='bbox 1688 935 1805 976; x_wconf 86' lang='lat' dir='ltr'>sunt.</span> 
     </span>
     <span class='ocr_line' id='line_1_12' title="bbox 314 1001 1805 1058; baseline 0.001 -15"><span class='ocrx_word' id='word_1_58' title='bbox 314 1002 381 1043; x_wconf 79' lang='lat' dir='ltr'>Ex</span> <span class='ocrx_word' id='word_1_59' title='bbox 424 1001 491 1044; x_wconf 90' lang='lat' dir='ltr'>his</span> <span class='ocrx_word' id='word_1_60' title='bbox 536 1001 730 1058; x_wconf 84' lang='lat' dir='ltr'>Captivi,</span> <span class='ocrx_word' id='word_1_61' title='bbox 777 1002 997 1054; x_wconf 84' lang='lat' dir='ltr'>Curculio,</span> <span class='ocrx_word' id='word_1_62' title='bbox 1045 1002 1269 1058; x_wconf 88' lang='lat' dir='ltr'>Epidicus,</span> <span class='ocrx_word' id='word_1_63' title='bbox 1324 1002 1609 1056; x_wconf 81' lang='lat' dir='ltr'>Menaechmi,</span> <span class='ocrx_word' id='word_1_64' title='bbox 1654 1002 1805 1057; x_wconf 82' lang='lat' dir='ltr'>Persa,</span> 
     </span>
     <span class='ocr_line' id='line_1_13' title="bbox 314 1071 1806 1128; baseline 0.002 -16"><span class='ocrx_word' id='word_1_65' title='bbox 314 1071 610 1113; x_wconf 84' lang='lat' dir='ltr'>Truculentus</span> <span class='ocrx_word' id='word_1_66' title='bbox 644 1087 778 1113; x_wconf 89' lang='lat' dir='ltr'>unum</span> <span class='ocrx_word' id='word_1_67' title='bbox 801 1071 969 1114; x_wconf 88' lang='lat' dir='ltr'>habent</span> <span class='ocrx_word' id='word_1_68' title='bbox 991 1075 1037 1114; x_wconf 88' lang='lat' dir='ltr'>et</span> <span class='ocrx_word' id='word_1_69' title='bbox 1061 1071 1248 1128; x_wconf 83' lang='lat' dir='ltr'>simplex</span> <span class='ocrx_word' id='word_1_70' title='bbox 1271 1074 1597 1128; x_wconf 78' lang='lat' dir='ltr'>argumentum,</span> <span class='ocrx_word' id='word_1_71' title='bbox 1631 1074 1806 1115; x_wconf 88' lang='lat' dir='ltr'>ceterae</span> 
     </span>
     <span class='ocr_line' id='line_1_14' title="bbox 315 1141 1806 1198; baseline 0.002 -16"><span class='ocrx_word' id='word_1_72' title='bbox 315 1143 395 1183; x_wconf 86' lang='lat' dir='ltr'>aut</span> <span class='ocrx_word' id='word_1_73' title='bbox 428 1141 757 1183; x_wconf 88' lang='lat' dir='ltr'>contaminatae</span> <span class='ocrx_word' id='word_1_74' title='bbox 789 1143 893 1183; x_wconf 90' lang='lat' dir='ltr'>sunt</span> <span class='ocrx_word' id='word_1_75' title='bbox 922 1141 1226 1198; x_wconf 76' lang='lat' dir='ltr'>[Amphitr-uo,</span> <span class='ocrx_word' id='word_1_76' title='bbox 1261 1141 1421 1184; x_wconf 88' lang='lat' dir='ltr'>Militis</span> <span class='ocrx_word' id='word_1_77' title='bbox 1452 1142 1488 1194; x_wconf 85' lang='lat' dir='ltr'>I,</span> <span class='ocrx_word' id='word_1_78' title='bbox 1521 1142 1601 1196; x_wconf 83' lang='lat' dir='ltr'>IV,</span> <span class='ocrx_word' id='word_1_79' title='bbox 1636 1142 1693 1198; x_wconf 90' lang='lat' dir='ltr'>V]</span> <span class='ocrx_word' id='word_1_80' title='bbox 1726 1144 1806 1185; x_wconf 92' lang='lat' dir='ltr'>aut</span> 
     </span>
     <span class='ocr_line' id='line_1_15' title="bbox 313 1210 1807 1268; baseline 0.002 -16"><span class='ocrx_word' id='word_1_81' title='bbox 313 1210 483 1252; x_wconf 83' lang='lat' dir='ltr'>alterae</span> <span class='ocrx_word' id='word_1_82' title='bbox 516 1212 672 1266; x_wconf 86' lang='lat' dir='ltr'>partes</span> <span class='ocrx_word' id='word_1_83' title='bbox 705 1210 959 1253; x_wconf 87' lang='lat' dir='ltr'>fabularum</span> <span class='ocrx_word' id='word_1_84' title='bbox 991 1211 1397 1254; x_wconf 86' lang='lat' dir='ltr'>contaminatarum</span> <span class='ocrx_word' id='word_1_85' title='bbox 1430 1212 1608 1268; x_wconf 87' lang='lat' dir='ltr'>[Amph.</span> <span class='ocrx_word' id='word_1_86' title='bbox 1641 1212 1678 1265; x_wconf 84' lang='lat' dir='ltr'>I,</span> <span class='ocrx_word' id='word_1_87' title='bbox 1702 1213 1727 1254; x_wconf 83' lang='lat'><strong>3</strong></span> <span class='ocrx_word' id='word_1_88' title='bbox 1760 1214 1807 1255; x_wconf 85' lang='lat' dir='ltr'>et</span> 
     </span>
     <span class='ocr_line' id='line_1_16' title="bbox 312 1279 1806 1335; baseline 0.002 -14"><span class='ocrx_word' id='word_1_89' title='bbox 312 1279 373 1332; x_wconf 85' lang='grc' dir='ltr'>Π,</span> <span class='ocrx_word' id='word_1_90' title='bbox 398 1280 478 1335; x_wconf 79' lang='lat'>21),</span> <span class='ocrx_word' id='word_1_91' title='bbox 514 1280 782 1322; x_wconf 85' lang='lat' dir='ltr'>Bacchidum</span> <span class='ocrx_word' id='word_1_92' title='bbox 814 1280 955 1323; x_wconf 85' lang='lat' dir='ltr'>tertia</span> <span class='ocrx_word' id='word_1_93' title='bbox 985 1280 1126 1334; x_wconf 84' lang='lat' dir='ltr'>fraus,</span> <span class='ocrx_word' id='word_1_94' title='bbox 1162 1281 1202 1322; x_wconf 88' lang='lat' dir='ltr'>id</span> <span class='ocrx_word' id='word_1_95' title='bbox 1238 1283 1307 1323; x_wconf 86' lang='lat' dir='ltr'>est</span> <span class='ocrx_word' id='word_1_96' title='bbox 1351 1295 1510 1323; x_wconf 88' lang='lat' dir='ltr'>scaena</span> <span class='ocrx_word' id='word_1_97' title='bbox 1541 1281 1623 1332; x_wconf 85' lang='lat' dir='ltr'>IV,</span> <span class='ocrx_word' id='word_1_98' title='bbox 1648 1282 1672 1323; x_wconf 83' lang='lat'>9</span> <span class='ocrx_word' id='word_1_99' title='bbox 1703 1281 1806 1324; x_wconf 88' lang='lat' dir='ltr'>inde</span> 
     </span>
     <span class='ocr_line' id='line_1_17' title="bbox 313 1349 1807 1407; baseline 0.001 -15"><span class='ocrx_word' id='word_1_100' title='bbox 313 1364 338 1392; x_wconf 89' lang='lat' dir='ltr'>a</span> <span class='ocrx_word' id='word_1_101' title='bbox 371 1365 410 1391; x_wconf 87' lang='lat' dir='ltr'>v.</span> <span class='ocrx_word' id='word_1_102' title='bbox 443 1351 540 1402; x_wconf 65' lang='lat'>953,</span> <span class='ocrx_word' id='word_1_103' title='bbox 586 1349 732 1392; x_wconf 88' lang='lat' dir='ltr'>altera</span> <span class='ocrx_word' id='word_1_104' title='bbox 776 1364 881 1405; x_wconf 88' lang='lat' dir='ltr'>pars</span> <span class='ocrx_word' id='word_1_105' title='bbox 914 1350 1103 1392; x_wconf 85' lang='lat' dir='ltr'>Casinae</span> <span class='ocrx_word' id='word_1_106' title='bbox 1136 1351 1185 1392; x_wconf 83' lang='lat' dir='ltr'>H</span> <span class='ocrx_word' id='word_1_107' title='bbox 1219 1352 1243 1391; x_wconf 74' lang='lat'>7</span> <span class='ocrx_word' id='word_1_108' title='bbox 1263 1365 1331 1403; x_wconf 85' lang='lat' dir='ltr'>ss.,</span> <span class='ocrx_word' id='word_1_109' title='bbox 1382 1350 1540 1393; x_wconf 73' lang='lat' dir='ltr'>Militis</span> <span class='ocrx_word' id='word_1_110' title='bbox 1572 1351 1635 1405; x_wconf 89' lang='grc' dir='ltr'>Π,</span> <span class='ocrx_word' id='word_1_111' title='bbox 1680 1351 1807 1407; x_wconf 88' lang='lat' dir='ltr'>prior</span> 
     </span>
     <span class='ocr_line' id='line_1_18' title="bbox 312 1418 1808 1475; baseline 0.002 -15"><span class='ocrx_word' id='word_1_112' title='bbox 312 1433 415 1475; x_wconf 81' lang='lat' dir='ltr'>pars</span> <span class='ocrx_word' id='word_1_113' title='bbox 458 1418 659 1472; x_wconf 69' lang='lat' dir='ltr'>poenali,</span> <span class='ocrx_word' id='word_1_114' title='bbox 705 1419 917 1462; x_wconf 89' lang='lat' dir='ltr'>Pseudoli</span> <span class='ocrx_word' id='word_1_115' title='bbox 962 1434 1145 1462; x_wconf 85' lang='lat' dir='ltr'>scaenae</span> <span class='ocrx_word' id='word_1_116' title='bbox 1185 1420 1221 1472; x_wconf 81' lang='grc' dir='ltr'>Ι,</span> <span class='ocrx_word' id='word_1_117' title='bbox 1248 1420 1293 1474; x_wconf 78' lang='lat'>13</span> <span class='ocrx_word' id='word_1_118' title='bbox 1343 1420 1448 1475; x_wconf 79' lang='lat' dir='ltr'>I‚5;</span> <span class='ocrx_word' id='word_1_119' title='bbox 1498 1421 1552 1474; x_wconf 92' lang='lat' dir='ltr'>V,</span> <span class='ocrx_word' id='word_1_120' title='bbox 1577 1421 1615 1474; x_wconf 74' lang='lat'>2,</span> <span class='ocrx_word' id='word_1_121' title='bbox 1663 1419 1808 1463; x_wconf 83' lang='lat' dir='ltr'>Stichi</span> 
     </span>
     <span class='ocr_line' id='line_1_19' title="bbox 314 1488 1806 1545; baseline 0.002 -15"><span class='ocrx_word' id='word_1_122' title='bbox 314 1503 418 1544; x_wconf 90' lang='lat' dir='ltr'>pars</span> <span class='ocrx_word' id='word_1_123' title='bbox 462 1488 618 1542; x_wconf 86' lang='lat' dir='ltr'>media,</span> <span class='ocrx_word' id='word_1_124' title='bbox 670 1488 813 1531; x_wconf 82' lang='lat' dir='ltr'>Stichi</span> <span class='ocrx_word' id='word_1_125' title='bbox 848 1489 918 1544; x_wconf 86' lang='lat' dir='ltr'>V].</span> <span class='ocrx_word' id='word_1_126' title='bbox 982 1488 1069 1532; x_wconf 87' lang='lat' dir='ltr'>Sed</span> <span class='ocrx_word' id='word_1_127' title='bbox 1115 1504 1225 1545; x_wconf 91' lang='lat' dir='ltr'>quos</span> <span class='ocrx_word' id='word_1_128' title='bbox 1274 1489 1423 1533; x_wconf 83' lang='lat' dir='ltr'>aditus</span> <span class='ocrx_word' id='word_1_129' title='bbox 1474 1490 1712 1533; x_wconf 83' lang='lat' dir='ltr'>Terentius</span> <span class='ocrx_word' id='word_1_130' title='bbox 1759 1491 1806 1533; x_wconf 87' lang='lat' dir='ltr'>et</span> 
     </span>
     <span class='ocr_line' id='line_1_20' title="bbox 312 1557 1804 1612; baseline 0.002 -13"><span class='ocrx_word' id='word_1_131' title='bbox 312 1557 503 1600; x_wconf 85' lang='lat' dir='ltr'>Plautus</span> <span class='ocrx_word' id='word_1_132' title='bbox 546 1559 887 1601; x_wconf 84' lang='lat' dir='ltr'>contaminando</span> <span class='ocrx_word' id='word_1_133' title='bbox 930 1559 1223 1612; x_wconf 84' lang='lat' dir='ltr'>mutaverint,</span> <span class='ocrx_word' id='word_1_134' title='bbox 1270 1574 1347 1602; x_wconf 88' lang='lat' dir='ltr'>suo</span> <span class='ocrx_word' id='word_1_135' title='bbox 1380 1559 1475 1602; x_wconf 89' lang='lat' dir='ltr'>loco</span> <span class='ocrx_word' id='word_1_136' title='bbox 1509 1560 1804 1603; x_wconf 86' lang='lat' dir='ltr'>ostendemus.</span> 
     </span>
    </p>
   </div>
   <div class='ocr_carea' id='block_1_3' title="bbox 311 1686 1805 2513">
    <p class='ocr_par' dir='ltr' id='par_1_5' title="bbox 311 1686 1805 2513">
     <span class='ocr_line' id='line_1_21' title="bbox 428 1686 1804 1745; baseline 0.002 -17"><span class='ocrx_word' id='word_1_137' title='bbox 428 1686 667 1742; x_wconf 77' lang='lat' dir='ltr'>Euripides</span> <span class='ocrx_word' id='word_1_138' title='bbox 695 1689 750 1729; x_wconf 87' lang='lat' dir='ltr'>ab</span> <span class='ocrx_word' id='word_1_139' title='bbox 772 1687 999 1744; x_wconf 83' lang='lat' dir='ltr'>Aeschylo</span> <span class='ocrx_word' id='word_1_140' title='bbox 1023 1690 1069 1730; x_wconf 93' lang='lat' dir='ltr'>et</span> <span class='ocrx_word' id='word_1_141' title='bbox 1091 1687 1309 1745; x_wconf 86' lang='lat' dir='ltr'>Sophocle</span> <span class='ocrx_word' id='word_1_142' title='bbox 1331 1688 1519 1731; x_wconf 80' lang='lat' dir='ltr'>maxime</span> <span class='ocrx_word' id='word_1_143' title='bbox 1552 1704 1602 1732; x_wconf 91' lang='lat' dir='ltr'>eo</span> <span class='ocrx_word' id='word_1_144' title='bbox 1635 1689 1804 1743; x_wconf 85' lang='lat' dir='ltr'>differt,</span> 
     </span>
     <span class='ocr_line' id='line_1_22' title="bbox 313 1756 1805 1814; baseline 0.002 -16"><span class='ocrx_word' id='word_1_145' title='bbox 313 1756 428 1812; x_wconf 84' lang='lat' dir='ltr'>quod</span> <span class='ocrx_word' id='word_1_146' title='bbox 461 1756 741 1811; x_wconf 82' lang='lat' dir='ltr'>tragoediam</span> <span class='ocrx_word' id='word_1_147' title='bbox 779 1758 920 1814; x_wconf 78' lang='lat' dir='ltr'>magis</span> <span class='ocrx_word' id='word_1_148' title='bbox 952 1757 1008 1800; x_wconf 90' lang='lat' dir='ltr'>ad</span> <span class='ocrx_word' id='word_1_149' title='bbox 1040 1758 1181 1801; x_wconf 84' lang='lat' dir='ltr'>vitam</span> <span class='ocrx_word' id='word_1_150' title='bbox 1214 1758 1483 1801; x_wconf 87' lang='lat' dir='ltr'>cotidianam</span> <span class='ocrx_word' id='word_1_151' title='bbox 1507 1759 1805 1813; x_wconf 86' lang='lat' dir='ltr'>conformavit</span> 
     </span>
     <span class='ocr_line' id='line_1_23' title="bbox 313 1825 1804 1884; baseline 0.001 -17"><span class='ocrx_word' id='word_1_152' title='bbox 313 1826 474 1878; x_wconf 78' lang='lat' dir='ltr'>(Arist.</span> <span class='ocrx_word' id='word_1_153' title='bbox 507 1841 601 1868; x_wconf 81' lang='lat' dir='ltr'>ran.</span> <span class='ocrx_word' id='word_1_154' title='bbox 636 1827 740 1868; x_wconf 78' lang='lat'>959:</span> <span class='ocrx_word' id='word_1_155' title='bbox 786 1828 910 1869; x_wconf 72' lang='grc' dir='ltr'>οἰκεῖα</span> <span class='ocrx_word' id='word_1_156' title='bbox 952 1827 1148 1883; x_wconf 63' lang='grc' dir='ltr'>πράγματ’</span> <span class='ocrx_word' id='word_1_157' title='bbox 1183 1828 1366 1882; x_wconf 72' lang='grc' dir='ltr'>εἰσάγων,</span> <span class='ocrx_word' id='word_1_158' title='bbox 1413 1827 1468 1875; x_wconf 74' lang='grc' dir='ltr'>οἷς</span> <span class='ocrx_word' id='word_1_159' title='bbox 1510 1825 1705 1884; x_wconf 72' lang='grc' dir='ltr'>χρώμεθ’,</span> <span class='ocrx_word' id='word_1_160' title='bbox 1748 1827 1804 1875; x_wconf 78' lang='grc' dir='ltr'>οἷς</span> 
     </span>
     <span class='ocr_line' id='line_1_24' title="bbox 317 1895 1805 1955; baseline 0.005 -21"><span class='ocrx_word' id='word_1_161' title='bbox 317 1895 504 1950; x_wconf 71' lang='grc' dir='ltr'>ξύνεσμεν</span> <span class='ocrx_word' id='word_1_162' title='bbox 539 1930 545 1937; x_wconf 95' lang='grc'><em>.</em></span> <span class='ocrx_word' id='word_1_163' title='bbox 582 1930 589 1937; x_wconf 93' lang='grc'><strong>.</strong></span> <span class='ocrx_word' id='word_1_164' title='bbox 626 1896 664 1951; x_wconf 85' lang='grc'>.).</span> <span class='ocrx_word' id='word_1_165' title='bbox 714 1896 875 1953; x_wconf 86' lang='lat' dir='ltr'>Itaque</span> <span class='ocrx_word' id='word_1_166' title='bbox 906 1912 994 1940; x_wconf 93' lang='lat' dir='ltr'>non</span> <span class='ocrx_word' id='word_1_167' title='bbox 1025 1900 1224 1951; x_wconf 84' lang='lat' dir='ltr'>veretur,</span> <span class='ocrx_word' id='word_1_168' title='bbox 1257 1913 1313 1941; x_wconf 89' lang='lat' dir='ltr'>ne</span> <span class='ocrx_word' id='word_1_169' title='bbox 1343 1913 1557 1955; x_wconf 85' lang='lat' dir='ltr'>personas</span> <span class='ocrx_word' id='word_1_170' title='bbox 1589 1898 1805 1955; x_wconf 88' lang='lat' dir='ltr'>templum</span> 
     </span>
     <span class='ocr_line' id='line_1_25' title="bbox 317 1966 1799 2022; baseline 0.003 -16"><span class='ocrx_word' id='word_1_171' title='bbox 317 1967 550 2008; x_wconf 69' lang='lat' dir='ltr'>verrentes</span> <span class='ocrx_word' id='word_1_172' title='bbox 583 1966 653 2018; x_wconf 83' lang='lat' dir='ltr'>(cf.</span> <span class='ocrx_word' id='word_1_173' title='bbox 686 1966 808 2022; x_wconf 77' lang='lat' dir='ltr'>Jon.)</span> <span class='ocrx_word' id='word_1_174' title='bbox 842 1971 887 2009; x_wconf 91' lang='lat' dir='ltr'>et</span> <span class='ocrx_word' id='word_1_175' title='bbox 920 1981 945 2008; x_wconf 89' lang='lat' dir='ltr'>a</span> <span class='ocrx_word' id='word_1_176' title='bbox 975 1967 1071 2010; x_wconf 90' lang='lat' dir='ltr'>loco</span> <span class='ocrx_word' id='word_1_177' title='bbox 1104 1967 1180 2009; x_wconf 88' lang='lat' dir='ltr'>ubi</span> <span class='ocrx_word' id='word_1_178' title='bbox 1211 1970 1360 2011; x_wconf 88' lang='lat' dir='ltr'>vestes</span> <span class='ocrx_word' id='word_1_179' title='bbox 1408 1968 1618 2011; x_wconf 88' lang='lat' dir='ltr'>eluebant</span> <span class='ocrx_word' id='word_1_180' title='bbox 1652 1983 1799 2011; x_wconf 85' lang='lat' dir='ltr'>rever-</span> 
     </span>
     <span class='ocr_line' id='line_1_26' title="bbox 313 2035 1803 2095; baseline 0.003 -19"><span class='ocrx_word' id='word_1_181' title='bbox 313 2037 461 2077; x_wconf 88' lang='lat' dir='ltr'>tentes</span> <span class='ocrx_word' id='word_1_182' title='bbox 507 2035 578 2091; x_wconf 86' lang='lat' dir='ltr'>(cf.</span> <span class='ocrx_word' id='word_1_183' title='bbox 611 2036 792 2078; x_wconf 88' lang='lat' dir='ltr'>chorum</span> <span class='ocrx_word' id='word_1_184' title='bbox 831 2036 1030 2080; x_wconf 84' lang='lat' dir='ltr'>Helenae</span> <span class='ocrx_word' id='word_1_185' title='bbox 1073 2040 1119 2080; x_wconf 92' lang='lat' dir='ltr'>et</span> <span class='ocrx_word' id='word_1_186' title='bbox 1161 2037 1360 2095; x_wconf 85' lang='lat' dir='ltr'>Hippol.)</span> <span class='ocrx_word' id='word_1_187' title='bbox 1402 2038 1449 2080; x_wconf 90' lang='lat' dir='ltr'>in</span> <span class='ocrx_word' id='word_1_188' title='bbox 1492 2053 1696 2081; x_wconf 87' lang='lat' dir='ltr'>scaenam</span> <span class='ocrx_word' id='word_1_189' title='bbox 1737 2039 1803 2080; x_wconf 90' lang='lat' dir='ltr'>in-</span> 
     </span>
     <span class='ocr_line' id='line_1_27' title="bbox 312 2103 1801 2164; baseline 0.004 -19"><span class='ocrx_word' id='word_1_190' title='bbox 312 2103 457 2146; x_wconf 86' lang='lat' dir='ltr'>ducat.</span> <span class='ocrx_word' id='word_1_191' title='bbox 519 2105 692 2147; x_wconf 90' lang='lat' dir='ltr'>Deinde</span> <span class='ocrx_word' id='word_1_192' title='bbox 736 2106 936 2161; x_wconf 83' lang='lat' dir='ltr'>agricola</span> <span class='ocrx_word' id='word_1_193' title='bbox 975 2107 1021 2148; x_wconf 90' lang='lat' dir='ltr'>in</span> <span class='ocrx_word' id='word_1_194' title='bbox 1051 2107 1236 2150; x_wconf 85' lang='lat' dir='ltr'>Electra</span> <span class='ocrx_word' id='word_1_195' title='bbox 1279 2122 1407 2150; x_wconf 91' lang='lat' dir='ltr'>mane</span> <span class='ocrx_word' id='word_1_196' title='bbox 1451 2108 1507 2151; x_wconf 90' lang='lat' dir='ltr'>ad</span> <span class='ocrx_word' id='word_1_197' title='bbox 1551 2122 1711 2164; x_wconf 82' lang='lat' dir='ltr'>agrum</span> <span class='ocrx_word' id='word_1_198' title='bbox 1755 2123 1801 2151; x_wconf 89' lang='lat' dir='ltr'>se</span> 
     </span>
     <span class='ocr_line' id='line_1_28' title="bbox 311 2174 1801 2234; baseline 0.003 -19"><span class='ocrx_word' id='word_1_199' title='bbox 311 2174 497 2216; x_wconf 82' lang='lat' dir='ltr'>confert.</span> <span class='ocrx_word' id='word_1_200' title='bbox 561 2174 648 2217; x_wconf 90' lang='lat' dir='ltr'>Sed</span> <span class='ocrx_word' id='word_1_201' title='bbox 692 2176 779 2217; x_wconf 88' lang='lat' dir='ltr'>etsi</span> <span class='ocrx_word' id='word_1_202' title='bbox 823 2176 974 2219; x_wconf 89' lang='lat' dir='ltr'>comici</span> <span class='ocrx_word' id='word_1_203' title='bbox 1017 2177 1062 2219; x_wconf 91' lang='lat' dir='ltr'>in</span> <span class='ocrx_word' id='word_1_204' title='bbox 1104 2177 1269 2220; x_wconf 87' lang='lat' dir='ltr'>talibus</span> <span class='ocrx_word' id='word_1_205' title='bbox 1315 2179 1446 2220; x_wconf 85' lang='lat' dir='ltr'>rebus</span> <span class='ocrx_word' id='word_1_206' title='bbox 1490 2193 1586 2220; x_wconf 86' lang='lat' dir='ltr'>cum</span> <span class='ocrx_word' id='word_1_207' title='bbox 1627 2178 1801 2234; x_wconf 83' lang='lat' dir='ltr'>tragico</span> 
     </span>
     <span class='ocr_line' id='line_1_29' title="bbox 312 2244 1801 2302; baseline 0.003 -17"><span class='ocrx_word' id='word_1_208' title='bbox 312 2244 609 2296; x_wconf 87' lang='lat' dir='ltr'>consentiunt,</span> <span class='ocrx_word' id='word_1_209' title='bbox 652 2270 706 2275; x_wconf 78' lang='lat'>-—</span> <span class='ocrx_word' id='word_1_210' title='bbox 748 2261 785 2288; x_wconf 90' lang='lat' dir='ltr'>e.</span> <span class='ocrx_word' id='word_1_211' title='bbox 827 2262 895 2302; x_wconf 83' lang='lat' dir='ltr'>gr.</span> <span class='ocrx_word' id='word_1_212' title='bbox 942 2246 988 2289; x_wconf 91' lang='lat' dir='ltr'>in</span> <span class='ocrx_word' id='word_1_213' title='bbox 1034 2247 1342 2290; x_wconf 86' lang='lat' dir='ltr'>Heautontim.</span> <span class='ocrx_word' id='word_1_214' title='bbox 1388 2248 1474 2290; x_wconf 80' lang='lat'>420</span> <span class='ocrx_word' id='word_1_215' title='bbox 1519 2247 1801 2290; x_wconf 90' lang='lat' dir='ltr'>Menedemus</span> 
     </span>
     <span class='ocr_line' id='line_1_30' title="bbox 311 2313 1802 2374; baseline 0.004 -20"><span class='ocrx_word' id='word_1_216' title='bbox 311 2327 436 2355; x_wconf 89' lang='lat' dir='ltr'>mane</span> <span class='ocrx_word' id='word_1_217' title='bbox 479 2313 627 2369; x_wconf 87' lang='lat' dir='ltr'>palam</span> <span class='ocrx_word' id='word_1_218' title='bbox 669 2330 821 2357; x_wconf 90' lang='lat' dir='ltr'>umero</span> <span class='ocrx_word' id='word_1_219' title='bbox 865 2319 1053 2372; x_wconf 83' lang='lat' dir='ltr'>portans</span> <span class='ocrx_word' id='word_1_220' title='bbox 1099 2317 1333 2374; x_wconf 80' lang='lat' dir='ltr'>egreditur</span> <span class='ocrx_word' id='word_1_221' title='bbox 1378 2320 1424 2360; x_wconf 94' lang='lat' dir='ltr'>et</span> <span class='ocrx_word' id='word_1_222' title='bbox 1465 2318 1712 2360; x_wconf 85' lang='lat' dir='ltr'>Daemones</span> <span class='ocrx_word' id='word_1_223' title='bbox 1755 2319 1802 2360; x_wconf 90' lang='lat' dir='ltr'>et</span> 
     </span>
     <span class='ocr_line' id='line_1_31' title="bbox 312 2381 1799 2442; baseline 0.005 -19"><span class='ocrx_word' id='word_1_224' title='bbox 312 2381 553 2438; x_wconf 86' lang='lat' dir='ltr'>Sceparnio</span> <span class='ocrx_word' id='word_1_225' title='bbox 586 2383 702 2426; x_wconf 80' lang='lat' dir='ltr'>Rud.</span> <span class='ocrx_word' id='word_1_226' title='bbox 734 2385 863 2428; x_wconf 90' lang='lat' dir='ltr'>initio</span> <span class='ocrx_word' id='word_1_227' title='bbox 906 2386 1019 2442; x_wconf 83' lang='lat' dir='ltr'>palis</span> <span class='ocrx_word' id='word_1_228' title='bbox 1064 2386 1210 2429; x_wconf 89' lang='lat' dir='ltr'>lutum</span> <span class='ocrx_word' id='word_1_229' title='bbox 1242 2389 1288 2430; x_wconf 90' lang='lat' dir='ltr'>et</span> <span class='ocrx_word' id='word_1_230' title='bbox 1319 2389 1494 2429; x_wconf 86' lang='lat' dir='ltr'>terram</span> <span class='ocrx_word' id='word_1_231' title='bbox 1524 2387 1799 2440; x_wconf 81' lang='lat' dir='ltr'>confodiunt,</span> 
     </span>
     <span class='ocr_line' id='line_1_32' title="bbox 312 2452 1799 2513; baseline 0.005 -21"><span class='ocrx_word' id='word_1_232' title='bbox 312 2477 368 2480; x_wconf 75' lang='lat'>—</span> <span class='ocrx_word' id='word_1_233' title='bbox 400 2453 549 2494; x_wconf 89' lang='lat' dir='ltr'>tamen</span> <span class='ocrx_word' id='word_1_234' title='bbox 580 2452 682 2495; x_wconf 91' lang='lat' dir='ltr'>inde</span> <span class='ocrx_word' id='word_1_235' title='bbox 713 2468 800 2496; x_wconf 90' lang='lat' dir='ltr'>non</span> <span class='ocrx_word' id='word_1_236' title='bbox 823 2455 1026 2498; x_wconf 86' lang='lat' dir='ltr'>concludi</span> <span class='ocrx_word' id='word_1_237' title='bbox 1049 2458 1201 2511; x_wconf 91' lang='lat' dir='ltr'>potest</span> <span class='ocrx_word' id='word_1_238' title='bbox 1224 2472 1298 2499; x_wconf 86' lang='lat' dir='ltr'>eos</span> <span class='ocrx_word' id='word_1_239' title='bbox 1323 2456 1584 2513; x_wconf 84' lang='lat' dir='ltr'>Euripidem</span> <span class='ocrx_word' id='word_1_240' title='bbox 1615 2457 1799 2500; x_wconf 88' lang='lat' dir='ltr'>imitari.</span> 
     </span>
    </p>
   </div>
   <div class='ocr_carea' id='block_1_4' title="bbox 312 2568 1800 2727">
    <p class='ocr_par' dir='ltr' id='par_1_6' title="bbox 312 2568 1800 2727">
     <span class='ocr_line' id='line_1_33' title="bbox 313 2568 1800 2618; baseline 0.005 -18"><span class='ocrx_word' id='word_1_241' title='bbox 313 2568 581 2602; x_wconf 84' lang='lat' dir='ltr'>enuntiaturum</span> <span class='ocrx_word' id='word_1_242' title='bbox 609 2568 721 2603; x_wconf 85' lang='lat' dir='ltr'>fuisse</span> <span class='ocrx_word' id='word_1_243' title='bbox 762 2571 943 2606; x_wconf 73' lang='lat' dir='ltr'>existimo:</span> <span class='ocrx_word' id='word_1_244' title='bbox 986 2583 1100 2616; x_wconf 77' lang='lat' dir='ltr'>„quae</span> <span class='ocrx_word' id='word_1_245' title='bbox 1127 2578 1340 2617; x_wconf 80' lang='lat' dir='ltr'>argumento</span> <span class='ocrx_word' id='word_1_246' title='bbox 1369 2584 1446 2607; x_wconf 89' lang='lat' dir='ltr'>cum</span> <span class='ocrx_word' id='word_1_247' title='bbox 1486 2574 1533 2608; x_wconf 84' lang='lat' dir='ltr'>sit</span> <span class='ocrx_word' id='word_1_248' title='bbox 1570 2573 1717 2618; x_wconf 83' lang='lat' dir='ltr'>duplici,</span> <span class='ocrx_word' id='word_1_249' title='bbox 1756 2585 1800 2609; x_wconf 84' lang='lat' dir='ltr'>ex</span> 
     </span>
     <span class='ocr_line' id='line_1_34' title="bbox 312 2629 1799 2676; baseline 0.007 -18"><span class='ocrx_word' id='word_1_250' title='bbox 312 2637 383 2659; x_wconf 83' lang='lat' dir='ltr'>una</span> <span class='ocrx_word' id='word_1_251' title='bbox 410 2632 528 2660; x_wconf 71' lang='lat' dir='ltr'>tamen</span> <span class='ocrx_word' id='word_1_252' title='bbox 566 2629 750 2663; x_wconf 81' lang='lat' dir='ltr'>comoedia</span> <span class='ocrx_word' id='word_1_253' title='bbox 786 2641 958 2665; x_wconf 65' lang='lat' dir='ltr'>conversa</span> <span class='ocrx_word' id='word_1_254' title='bbox 986 2633 1073 2666; x_wconf 81' lang='lat' dir='ltr'>est.“</span> <span class='ocrx_word' id='word_1_255' title='bbox 1128 2632 1181 2667; x_wconf 86' lang='lat' dir='ltr'>Cf.</span> <span class='ocrx_word' id='word_1_256' title='bbox 1210 2633 1317 2667; x_wconf 72' lang='lat' dir='ltr'>etiam</span> <span class='ocrx_word' id='word_1_257' title='bbox 1346 2629 1433 2676; x_wconf 78' lang='lat' dir='ltr'>Leo,</span> <span class='ocrx_word' id='word_1_258' title='bbox 1469 2634 1553 2668; x_wconf 83' lang='lat' dir='ltr'>hist.</span> <span class='ocrx_word' id='word_1_259' title='bbox 1591 2633 1660 2668; x_wconf 86' lang='lat' dir='ltr'>litt.</span> <span class='ocrx_word' id='word_1_260' title='bbox 1697 2634 1799 2669; x_wconf 85' lang='lat' dir='ltr'>Rom.</span> 
     </span>
     <span class='ocr_line' id='line_1_35' title="bbox 312 2685 652 2727; baseline 0.006 -9"><span class='ocrx_word' id='word_1_261' title='bbox 312 2685 338 2727; x_wconf 87' lang='grc' dir='ltr'>Ι,</span> <span class='ocrx_word' id='word_1_262' title='bbox 366 2687 444 2727; x_wconf 80' lang='lat'>241,</span> <span class='ocrx_word' id='word_1_263' title='bbox 473 2686 593 2720; x_wconf 73' lang='lat' dir='ltr'>adnot.</span> <span class='ocrx_word' id='word_1_264' title='bbox 620 2690 652 2720; x_wconf 87' lang='lat'>4.</span> 
     </span>
    </p>
   </div>
   <div class='ocr_carea' id='block_1_5' title="bbox 315 2745 1795 2837">
    <p class='ocr_par' dir='ltr' id='par_1_7' title="bbox 315 2745 1795 2837">
     <span class='ocr_line' id='line_1_36' title="bbox 433 2745 1795 2797; baseline 0.008 -20"><span class='ocrx_word' id='word_1_265' title='bbox 433 2748 465 2785; x_wconf 82' lang='lat' dir='ltr'>l)</span> <span class='ocrx_word' id='word_1_266' title='bbox 493 2745 545 2779; x_wconf 84' lang='lat' dir='ltr'>Cf.</span> <span class='ocrx_word' id='word_1_267' title='bbox 575 2746 659 2788; x_wconf 90' lang='lat' dir='ltr'>Leo,</span> <span class='ocrx_word' id='word_1_268' title='bbox 687 2746 817 2781; x_wconf 79' lang='lat' dir='ltr'>Nachr.</span> <span class='ocrx_word' id='word_1_269' title='bbox 847 2748 879 2782; x_wconf 86' lang='lat' dir='ltr'>d.</span> <span class='ocrx_word' id='word_1_270' title='bbox 908 2749 1004 2784; x_wconf 55' lang='lat' dir='ltr'>Gom.</span> <span class='ocrx_word' id='word_1_271' title='bbox 1032 2750 1113 2785; x_wconf 88' lang='lat' dir='ltr'>Ges.</span> <span class='ocrx_word' id='word_1_272' title='bbox 1142 2751 1242 2795; x_wconf 84' lang='lat'>1911,</span> <span class='ocrx_word' id='word_1_273' title='bbox 1269 2754 1337 2786; x_wconf 80' lang='lat'>254</span> <span class='ocrx_word' id='word_1_274' title='bbox 1353 2763 1411 2796; x_wconf 58' lang='lat' dir='ltr'>ss„</span> <span class='ocrx_word' id='word_1_275' title='bbox 1441 2757 1476 2786; x_wconf 77' lang='lat' dir='ltr'>et</span> <span class='ocrx_word' id='word_1_276' title='bbox 1501 2752 1605 2797; x_wconf 86' lang='lat' dir='ltr'>idem,</span> <span class='ocrx_word' id='word_1_277' title='bbox 1634 2753 1698 2796; x_wconf 77' lang='lat' dir='ltr'>Qu.</span> <span class='ocrx_word' id='word_1_278' title='bbox 1726 2753 1795 2788; x_wconf 83' lang='grc' dir='ltr'>ΡΙ.2</span> 
     </span>
     <span class='ocr_line' id='line_1_37' title="bbox 315 2802 545 2837; baseline 0.004 -2"><span class='ocrx_word' id='word_1_279' title='bbox 315 2804 378 2835; x_wconf 62' lang='grc' dir='ltr'>18ἴ»</span> <span class='ocrx_word' id='word_1_280' title='bbox 406 2802 487 2836; x_wconf 70' lang='lat' dir='ltr'>adn.</span> <span class='ocrx_word' id='word_1_281' title='bbox 516 2806 545 2837; x_wconf 68' lang='lat'>¹2.</span> 
     </span>
    </p>
   </div>
  </div>
 </body>
</html>
