1889 3284
0 3206 24 3284 ³⁹0·ss-
0 3105 26 3196 *θ’-τ’·
3 3077 10 3095 ··
0 2934 7 2946 ⁷

27 3263 41 3284 ,2
34 2988 45 2995 ,

801 197 855 238 43

45 355 49 370 ,
77 309 128 352 σὺ
161 306 314 358 δἀὐτὸς
338 311 407 351 οὐκ
430 309 599 356 ἀκούεις.
662 311 740 353 His
763 311 912 354 verbis
936 312 971 354 si
993 315 1112 355 recte
1143 313 1358 369 intellego
1381 315 1566 356 comicus

47 432 50 435 v
81 394 264 425 scaenas
295 379 575 436 Euripideas
623 374 669 422 in
712 380 868 436 quibus
916 396 1039 424 senes
1084 397 1154 425 res
1199 387 1329 425 extra
1368 398 1567 426 scaenam

39 450 168 495 'jam
213 449 440 506 expositas
484 449 648 492 iterum
692 449 846 492 audire
893 452 1088 507 cupiunt.
1133 452 1205 494 vel
1249 453 1453 495 imit-atur
1496 454 1567 495 vel

61 512 260 563 ⁸irridet.
309 519 366 561 In
386 533 503 562 nova
524 533 633 561 vero
656 519 882 561 comoedia
903 520 1243 563 innumerabiles
1265 521 1349 564 loci
1373 525 1564 575 exstant,

81 588 241 646 quibus
272 591 435 645 poetae
463 579 579 630 hasne
609 587 799 630 formam
830 597 1174 645 usurpaverunt,
1208 606 1294 632 non
1325 591 1409 633 iam
1444 591 1567 633 chori

40 660 43 661 ⁷
81 672 229 711 causa,
280 657 456 718 sed-ut
502 659 782 713 spectatores
828 659 978 712 paucis
1023 659 1237 702 certiores
1269 660 1471 702 facerent
1513 661 1567 702 de

38 767 43 770 .
80 727 301 784 colloquio
342 729 476 770 extra
519 740 720 769 scaenam
763 726 930 769 habito.
995 727 1117 780 Quae
1160 729 1384 785 repetitio,
1432 732 1567 785 prout

39 845 41 849 ¹
78 797 236 840 fabula
280 797 438 854 poscit,
486 796 560 840 vel
604 796 836 852 perbrevis
872 797 943 839 vel
985 797 1214 853 aliquanto
1258 798 1436 854 longior
1484 802 1565 841 est.

79 866 239 923 Neque
271 881 445 923 semper
469 865 621 909 eadem
643 865 817 908 ratione
849 866 1106 920 incohatur,
1143 867 1218 909 sed
1241 868 1357 924 apud
1379 868 1564 911 comicos

197 938 279 979 aut
309 935 457 978 altera
487 949 692 993 persona,
726 961 781 965 -—
813 935 929 991 quod
956 936 1178 992 plerisque
1209 936 1316 979 locis
1348 937 1401 979 fit
1432 940 1566 993 atque

36 1062 39 1068 Ι
71 1005 135 1049 *de
152 1005 325 1062 origine
347 1005 476 1048 huius
500 1005 671 1047 formae
704 1020 782 1047 nos
816 1006 1152 1048 commonefacit
1171 1031 1235 1048 —.
1269 1021 1363 1048 cum
1386 1007 1458 1049 vel
1479 1022 1566 1049 non

35 1091 47 1133 j
78 1077 203 1119 recte
234 1089 280 1118 se
309 1074 559 1132 percepisse
589 1075 796 1131 opinetur
818 1074 891 1116 vel
912 1090 999 1116 non
1021 1075 1188 1127 credat,
1221 1075 1380 1117 iterum
1413 1076 1566 1119 audire

45 1193 49 1198 ⁷
83 1144 221 1202 cupit,
254 1144 362 1201 quid
392 1144 538 1188 altera
569 1144 738 1188 dixerit
771 1156 877 1200 [Eun.
900 1159 977 1190 391.
1006 1157 1157 1199 Magnas
1185 1168 1268 1191 vero
1295 1168 1402 1201 agere
1429 1159 1565 1201 gratias

34 1238 38 1240 -
81 1213 194 1248 Thais
219 1214 334 1248 mihi?
353 1234 398 1239 —-—
416 1214 591 1258 Ingentis.
612 1234 655 1239 —
674 1215 766 1248 Eun.
790 1217 867 1248 771.
894 1215 1055 1249 Hancine
1075 1226 1139 1259 ego
1158 1222 1196 1249 ut
1215 1217 1466 1250 contumeliam
1493 1224 1564 1250 tam

71 1273 259 1317 insignem
291 1273 328 1307 in
363 1284 419 1307 me
457 1274 645 1318 accipiam,
684 1274 853 1308 Gnatho?
881 1295 924 1298 —
951 1274 1017 1308 Ad.
1046 1277 1124 1308 447.
1165 1275 1234 1309 Pro
1274 1274 1309 1309 di
1347 1276 1565 1310 immortales

79 1331 221 1368 facinus
246 1332 442 1377 indignum,
471 1333 578 1368 Geta!
608 1332 693 1377 quid
721 1334 939 1367 na1·ras'?——
959 1334 1015 1368 Sic
1043 1341 1095 1368 est
1123 1333 1331 1368 1116111111.-
1351 1334 1458 1369 Poen.
1486 1337 1565 1368 961.

30 1395 38 1413 '-
70 1391 150 1438 ‘Ain
177 1395 218 1426 tu
243 1391 312 1426 tibi
338 1391 422 1427 dixe
448 1391 717 1436 Syncerastum,
745 1392 910 1436 Milphio,
948 1403 1007 1427 eas
1035 1404 1114 1427 esse
1140 1394 1313 1436 ingenuas
1341 1394 1463 1427 ambas
1491 1404 1566 1427 sur-

27 1469 32 1472 >
79 1450 255 1496 ruptieias
291 1451 611 1495 Carthaginienses
623 1453 640 1485 ἱ)
670 1472 711 1476 —
741 1452 820 1486 Aio.
853 1480 858 1485 .
889 1481 894 1485 .
923 1480 928 1485 .
960 1473 1002 1477 -
1031 1452 1266 1486 (fircinntons.
1294 1455 1347 1485 77.
1387 1451 1451 1486 Δᾶε
1487 1453 1564 1486 πο),-

26 1517 30 1522 “
79 1511 173 1548 λα’κις
199 1511 259 1554 μὲν
296 1511 362 1558 ἤδη
402 1511 485 1557 πρὸς
524 1510 772 1557 μ’ἀπήγγελκας
813 1511 928 1556 λόγους
970 1511 1030 1545 οὐκ
1071 1511 1215 1556 ἀληθεῖς,
1256 1512 1326 1545 ἀλλ’
1354 1512 1485 1551 ἀλαζὼν
1511 1512 1567 1545 καὶ

21 1604 27 1609 ,
80 1569 203 1604 θεοῖσιν
230 1569 352 1617 ἐχθρὸς
378 1571 414 1604 εἷ.
467 1568 507 1604 Ei
535 1570 569 1604 δὲ
595 1572 651 1604 καὶ
677 1572 746 1604 νυνὶ
772 1571 897 1616 πλανᾷς
925 1584 964 1614 με
993 1598 998 1603 .
1029 1598 1034 1603 .
1064 1598 1069 1604 .
1098 1591 1140 1594 -
1169 1568 1345 1616 Κρέμασον
1374 1570 1481 1610 εὐθὺς,
1508 1572 1565 1615 ἐμὲ

23 1630 26 1636 “
80 1629 196 1674 λαβὼν
221 1631 366 1676 τήμερον
394 1657 401 1664 .
429 1657 436 1664 .
465 1657 472 1663 .
523 1628 661 1664 Eodem
696 1629 798 1664 modo
836 1630 903 1663 loci
940 1629 1050 1663 Andr.
1089 1632 1168 1671 301,
1207 1629 1400 1664 Heautont.
1429 1632 1493 1663 247
1531 1637 1566 1664 et

80 1689 163 1731 954,
188 1687 256 1723 Ad.
283 1690 364 1730 517,
400 1688 621 1723 Philemonis
649 1689 750 1723 Trin.
778 1691 856 1730 602,
891 1689 1029 1732 Diphili
1057 1688 1172 1722 Casin.
1201 1690 1279 1729 353,
1318 1688 1409 1722 Rud.
1437 1691 1504 1722 839
1531 1694 1566 1722 et

40 1747 44 1751 ’
83 1748 186 1791 1265,
210 1746 427 1791 Apollodori
453 1747 596 1782 Phorm*
624 1750 689 1782 231
720 1753 755 1782 et
782 1750 861 1791 315,
888 1748 1015 1792 Hecyr.
1044 1750 1124 1789 415,
1151 1750 1230 1790 451,
1257 1749 1335 1789 841,
1361 1747 1567 1791 Demophili

22 1812 37 1822 ³
81 1806 182 1841 Asin.
209 1807 290 1850 851,
317 1807 485 1852 anonymi
509 1807 606 1841 Men.
638 1809 727 1842 1050
753 1807 913 1841 instituti
946 1807 1057 1851 sunt]⁴

199 1869 280 1909 aut
315 1881 509 1923 persona
551 1867 697 1910 altera
739 1867 838 1924 ipsa
880 1867 1049 1909 iniussa
1088 1881 1132 1909 se
1177 1881 1269 1908 rem
1301 1865 1462 1908 dixisse
1494 1865 1565 1908 vel

17 1949 43 1986 '.
81 1934 252 1993 aliquid
282 1936 544 1979 narravisse
577 1937 686 1979 dicit
720 1948 853 1993 [Aulul.
875 1950 941 1982 120
961 1952 995 1982 et
1015 1950 1081 1982 682
1097 1958 1156 1988 ss,
1182 1947 1316 1981 Heaut.
1332 1949 1409 1989 616,
1430 1946 1565 1982 Cistell.

81 2005 162 2051 631,
188 2005 320 2049 Georg.
341 2007 491 2049 22—24,
519 2006 666 2041 Poenul.
695 2008 763 2041 504
783 2010 883 2051 (547)
903 2011 938 2041 et
957 2009 1035 2049 575,
1064 2006 1228 2041 Pseudol.
1249 2008 1327 2045 694,
1355 2005 1566 2049 Apollodori

70 2063 224 2099 Phorm.
264 2066 344 2106 348,
383 2066 551 2110 anonymi
590 2065 695 2109 Epid.
741 2069 815 2107 104,
850 2066 1015 2110 anonymi
1052 2066 1126 2099 Mil.
1162 2068 1228 2099 355
1269 2073 1304 2099 et
1343 2067 1421 2106 ⁷074,
1460 2075 1564 2098 anon.

81 2123 182 2158 Pers.
209 2123 306 2168 329]

196 2188 278 2226 aut
318 2182 468 2225 altera
509 2197 700 2239 persona
746 2182 893 2239 aliquo
941 2182 1067 2224 modo
1115 2182 1170 2224 ad
1218 2181 1402 2224 alterius
1446 2181 1566 2223 dicta

92 2252 291 2309 respicii:-
342 2263 455 2308 [Sam.
482 2265 527 2298 68
539 2275 585 2298 ss.
615 2292 620 2297 .
651 2292 657 2297 .
687 2291 692 2297 .
722 2264 832 2300 ἱκανὸς
859 2265 918 2308 γὰρ
945 2264 971 2296 εἴ
997 2263 1108 2296 λαλῶν
1136 2263 1327 2306 κατακόψαι
1353 2264 1457 2295 πάντα
1486 2290 1492 2295 .
1523 2290 1528 2296 .

20 2367 23 2369 Α
70 2341 126 2348 ⁶-—
151 2321 264 2358 Andr.
290 2324 360 2357 459
393 2323 446 2357 ita
472 2323 533 2367 pol
560 2322 703 2366 quidem
729 2333 786 2357 res
814 2328 879 2365 est,
915 2330 953 2356 ut
981 2322 1082 2364 dixti,
1120 2322 1270 2356 Lesbia:
1303 2320 1442 2355 fidelem
1469 2320 1565 2355 haud

71 2380 197 2423 ,ferme
220 2381 364 2416 mulieri
394 2382 558 2417 invenias
585 2382 709 2416 virum.
737 2402 781 2406 —
808 2381 874 2415 Ad.
903 2383 980 2414 592.
1020 2381 1098 2424 Ego
1125 2381 1161 2414 in
1187 2381 1254 2414 hac
1280 2390 1319 2414 re
1346 2380 1395 2414 nil
1421 2380 1564 2424 reperio

11 2435 17 2474 ζ
43 2460 45 2462 -
82 2451 190 2484 quam
215 2441 260 2475 ob
286 2451 361 2476 rem
387 2441 518 2476 lauder
543 2448 646 2476 tanto
674 2452 793 2486 opere,
821 2442 947 2484 Hegio.
978 2461 1020 2464 —
1048 2439 1093 2474 cf.
1120 2440 1337 2474 Philemonis
1357 2440 1467 2473 Merc.
1486 2442 1564 2483 957,

82 2499 182 2535 Trin.
222 2502 290 2536 729
329 2505 365 2535 et
405 2503 507 2544 1125,
545 2501 685 2545 Diphili
722 2500 842 2535 Vidul.
879 2512 908 2534 v,
937 2502 992 2540 69,
1028 2499 1207 2543 Amphitr.
1249 2501 1327 2541 550,
1356 2500 1457 2542 Capt.
1498 2501 1565 2532 022

31 2552 194 2605 ‘'‘(9‘.>9),
221 2559 327 2604 Epid.
359 2563 435 2603 166,
464 2561 609 2594 Trucul.
639 2563 704 2594 775
722 2560 776 2604 1).]

202 2702 238 2746 1)
263 2701 319 2736 De
342 2702 412 2738 hoc
449 2714 581 2747 genere
619 2703 848 2747 repetitionis
887 2712 1062 2745 persaepe
1101 2711 1143 2735 ea
1181 2701 1326 2735 exordia
1356 2711 1566 2735 scaenarum

81 2760 417 2805 commonefaciunt,
444 2763 482 2796 in
509 2763 638 2806 quibus
665 2772 818 2806 persona
848 2761 970 2804 aliqua
987 2760 1069 2794 dum
1098 2760 1171 2794 exit
1197 2760 1376 2794 introrsus
1403 2759 1566 2803 loquitur

0 2816 6 2860 ',
81 2824 193 2864 atque
217 2819 265 2855 ad
290 2820 401 2856 verba
427 2832 606 2866 personae
631 2822 728 2856 intus
756 2821 934 2855 manentis
962 2819 1123 2863 respicit,
1151 2830 1179 2853 e.
1207 2830 1258 2863 gr.
1278 2819 1407 2853 Bacch.
1439 2821 1503 2852 175ἱ
1530 2823 1566 2853 et
