1889 3284
999 250 1054 290 56

283 365 448 420 phanes
467 366 495 417 ¹)
541 379 629 405 non
674 363 824 415 novit,
881 363 1123 406 Menander
1169 363 1213 406 in
1261 363 1522 407 Cistellaria
1570 363 1770 411 exhibet;

282 433 487 475 nimirum
519 446 710 487 persona
742 433 866 488 prior
909 433 1020 489 ipsa,
1063 435 1302 489 postquam
1332 433 1456 476 chori
1487 436 1641 490 partes
1673 447 1773 475 eva-

281 505 489 555 nuerunt,
531 516 670 557 aeque
701 503 837 557 atque
870 501 915 543 in
946 503 1171 558 postremo
1203 502 1282 544 illo
1320 502 1416 545 loco
1448 502 1678 558 Euripidis
1710 501 1773 544 al-

281 574 426 614 teram
459 572 546 613 iam
578 571 734 613 adesse
764 571 1078 627 praenuntiat:
1112 571 1167 612 In
1199 587 1239 613 v.
1272 571 1355 613 653
1386 571 1631 628 Lampadio
1663 586 1773 613 nun-

281 642 479 683 tiaturus
526 640 704 682 aliunde
752 640 798 682 in
844 654 1047 683 scaenam
1094 640 1259 696 prodit,
1308 640 1410 683 dein
1447 656 1487 683 V.
1521 642 1604 683 655
1651 655 1773 683 eram

284 710 636 752 Phanostratam
668 709 805 760 videt,
850 724 962 765 quae
995 725 1072 752 cur
1104 709 1280 763 exierit,
1313 725 1403 752 non
1434 710 1624 753 dicitur:
1662 709 1775 764 „Sed

282 794 427 821 eccam
459 794 580 822 eram
612 779 782 822 video.“
845 778 1013 822 Eodem
1044 779 1172 821 modo
1205 779 1250 821 in
1282 779 1575 822 Bacchidibus
1607 794 1677 822 res
1709 779 1774 820 in-

282 850 449 892 stituta
490 851 571 891 est.
636 848 723 892 Sed
766 850 820 891 ab
865 849 993 891 aditu
1036 849 1200 906 prioris
1244 864 1464 906 personae
1495 849 1612 905 (925)
1644 864 1773 906 prae·

284 919 510 962 nuntiatio
532 919 634 967 (978
658 918 759 972 ⁷,sed
780 918 1008 961 Priamum
1025 918 1280 962 adstantem
1304 934 1448 962 eccum
1472 920 1578 961 ante
1594 921 1774 975 portam

282 989 411 1031 video
448 1024 454 1031 .
490 1023 497 1030 .
533 991 583 1039 .“)
617 988 805 1031 alterius
839 988 1072 1044 aliquanto
1104 988 1280 1045 longius
1313 990 1441 1031 abest
1455 988 1498 1044 ²).

396 1058 524 1101 Hanc
566 1058 789 1101 rationem
821 1058 959 1100 etiam
991 1060 1044 1101 ab
1078 1058 1178 1101 aliis
1212 1058 1388 1101 comicis
1420 1060 1647 1114 receptam
1677 1072 1774 1100 esse

280 1128 410 1170 initio
443 1128 768 1182 Trinummi(v.
788 1128 842 1170 ‘23
861 1128 935 1182 ss.)
967 1128 1325 1171 demonstratur:
1361 1127 1689 1184 Megaronides,
1722 1129 1774 1170 ut

281 1198 467 1240 amicum
505 1200 582 1248 „ob
614 1198 793 1240 noxiam
824 1197 1054 1240 meritam“
1090 1197 1296 1253 castiget,
1335 1197 1383 1239 in
1414 1211 1618 1240 scaenam
1650 1196 1776 1240 venit

282 1271 339 1319 et,
372 1271 611 1325 postquam
643 1283 683 1310 V.
717 1268 770 1309 39
806 1267 1015 1310 Callicles
1047 1267 1170 1310 forte
1206 1283 1260 1310 ex
1291 1267 1473 1310 aedibus
1507 1267 1632 1318 exiit,
1677 1281 1776 1309 eum

281 1353 409 1394 quem
441 1341 744 1381 conventurus
779 1341 889 1391 erat,
923 1338 1077 1380 adesse
1111 1337 1347 1394 significat.

396 1408 631 1451 Simillima
678 1410 829 1450 autem
885 1408 1161 1462 tragicorum
1208 1407 1316 1450 locis
1364 1420 1523 1449 scaena
1567 1398 1774 1460 Hecyrae

279 1477 549 1534 Apollodori
596 1480 684 1520 est:
742 1477 1001 1533 Phidippus,
1049 1477 1172 1519 cuius
1216 1476 1366 1519 aditus
1409 1491 1497 1518 non
1538 1477 1773 1532 probatur,

280 1547 401 1590 intus
444 1547 611 1604 prodit.
673 1547 844 1590 Laches
889 1549 1053 1600 autem,
1099 1547 1176 1603 qui
1218 1546 1306 1589 iam
1338 1546 1384 1588 in
1416 1560 1575 1588 scaena
1616 1547 1688 1588 est
1717 1553 1775 1598 (V.

281 1617 381 1672 622)
418 1616 542 1672 „Sed‚
576 1617 735 1673 inquit,
769 1616 900 1660 video
923 1616 1192 1673 Phidippum
1216 1615 1371 1672 egredi
1401 1630 1501 1672 per
1532 1618 1774 1672 tempus:

279 1686 578 1730 accedamus.‘⁵
653 1686 921 1743 Phidippum
969 1688 1328 1743 „opportune
1370 1686 1425 1727 in
1468 1685 1595 1742 ipso
1639 1686 1776 1727 tem-

279 1759 448 1812 pore“
485 1757 542 1811 (v.
577 1756 678 1812 626)
710 1756 887 1800 venisse
920 1756 1054 1799 etiam
1086 1758 1245 1813 postea
1277 1755 1447 1811 repetit
1464 1754 1508 1810 ³).

396 1826 478 1868 His
521 1827 629 1869 locis
671 1840 814 1869 novae
853 1826 1104 1869 comoediae
1149 1825 1340 1869 alteram
1383 1838 1620 1881 personam
1652 1823 1775 1866 adire

280 1898 332 1943 εἰς
365 1896 498 1952 καιρὸν
532 1911 635 1939 raro
669 1896 863 1949 additur,
897 1896 974 1939 sed
1006 1899 1157 1938 tamen
1190 1895 1256 1938 his
1289 1894 1397 1937 locis
1431 1896 1588 1951 poetas
1622 1893 1776 1936 eadem

279 1981 367 2022 qua
390 1966 652 2023 Sophoclem
673 1966 1023 2022 Euripidemque
1045 1965 1220 2008 ratione
1242 1979 1345 2007 usos
1368 1979 1466 2007 esse
1487 1963 1775 2006 manifestum

279 2051 376 2079 esse
400 2038 522 2092 puto,
547 2036 664 2092 quod
685 2035 850 2092 prioris
872 2049 1087 2091 personae
1110 2035 1259 2077 aditus
1281 2034 1559 2091 probatur4),
1583 2033 1773 2076 alterius

405 2167 437 2209 1)
466 2165 584 2200 Locus
612 2165 787 2208 Equitum
814 2177 843 2199 r.
874 2167 940 2199 146
991 2165 1063 2198 ἀλλ’
1092 2164 1141 2198 ὁδὶ
1167 2165 1384 2210 προσέρχεται

708 2224 818 2269 ὥσπερ
846 2227 955 2258 κατὰ,
983 2224 1104 2258 θεῖον
1131 2224 1175 2261 εἰς
1201 2223 1334 2269 ἀγοράν,

281 2295 322 2319 ea
349 2295 387 2319 re
415 2283 599 2318 dissimilis
628 2288 693 2327 est,
735 2283 831 2327 quod
869 2284 1050 2318 isiciarius
1085 2294 1157 2317 non
1194 2294 1238 2318 ex
1274 2281 1434 2324 aedibus,
1475 2280 1538 2316 sed
1567 2279 1711 2315 aliunde
1737 2279 1773 2314 in

280 2354 447 2378 scaenam
474 2344 589 2387 venit3
629 2353 746 2386 neque
783 2354 893 2377 causa
930 2341 1134 2387 prodeundi
1170 2341 1284 2384 deest,
1324 2341 1463 2376 scilicet
1499 2341 1567 2375 hoc
1592 2339 1651 2374 die
1676 2338 1775 2374 haud

281 2403 387 2436 aliter
428 2406 536 2445 atque
576 2402 709 2436 cotidie
750 2406 902 2446 propter
941 2402 1124 2445 negotium
1152 2400 1197 2436 ad
1226 2401 1344 2435 forum
1382 2399 1637 2444 proficiscitur,
1677 2397 1774 2442 quod

283 2462 401 2496 verbis
429 2473 499 2495 non
526 2474 616 2506 opus
645 2467 699 2497 est
725 2462 855 2497 dicere.
1661 2471 1663 2473 ’

400 2524 435 2563 2)
463 2522 697 2556 Intervallum
716 2521 980 2565 quinquaginta
1010 2531 1188 2561 versuum,
1217 2518 1313 2564 quod
1336 2519 1431 2553 inter
1448 2517 1585 2552 aditum
1604 2516 1773 2562 Chrysali

280 2585 313 2614 et
341 2582 695 2623 praenuntiationem
723 2580 818 2615 senis
845 2579 1049 2623 intercedit,
1076 2580 1216 2613 cantico
1244 2583 1361 2613 ortum
1388 2581 1453 2620 est,
1481 2576 1576 2620 quod
1602 2576 1771 2611 Plautum

280 2639 335 2673 vel
362 2638 543 2673 addidisse
570 2640 625 2674 vel
652 2640 796 2674 auxisse
823 2639 1017 2674 verisimile
1044 2642 1110 2673 est.

400 2698 435 2742 ,3)
462 2698 635 2733 Fortasse
661 2699 768 2733 ctiam
794 2699 830 2732 in
849 2697 1011 2733 Alexidis
1031 2697 1220 2742 Meropide
1241 2696 1367 2731 similis
1394 2705 1454 2743 ars
1481 2694 1646 2729 adhibita
1672 2697 1770 2728 erat:

281 2756 325 2791 cf.
355 2756 482 2799 fragm.
513 2768 623 2801 supra
650 2758 750 2792 allat.
782 2760 868 2792 147:
899 2759 964 2801 „sk
991 2757 1106 2804 καιρὸν
1132 2757 1224 2803 ἥκεις
1253 2784 1259 2790 .
1288 2784 1294 2790 .
1324 2756 1352 2791 .“

399 2818 434 2859 4)
463 2816 539 2859 Quo
566 2816 670 2851 modo
698 2817 837 2851 Lac-hes
856 2817 893 2851 in
911 2817 1040 2862 Ilecyr.
1060 2817 1096 2850 in
1115 2825 1283 2851 scaenam
1310 2814 1457 2855 venerit,
1486 2814 1593 2857 plane
1619 2812 1760 2855 nescio3

280 2874 360 2909 vide
386 2887 416 2909 v.
447 2878 526 2910 (507.
