1889 3284
0 2277 12 2324 ξε

0 2325 9 2417 i

0 2449 9 2506 ι

772 214 828 255 45

59 324 278 368 certiores
309 325 434 379 fiant,
482 325 772 383 Euripideam
813 328 971 371 saltem
1003 330 1188 373 formam
1220 333 1395 389 prologi
1437 335 1546 376 bene

60 393 275 449 evitavit;
310 409 440 452 quam
462 395 499 437 si
520 395 807 448 adhibuisset,
840 397 1022 440 Insania
1044 399 1382 444 declamavisset
1419 417 1544 458 „pro-

24 483 30 517 j
59 463 254 519 logum“.

173 533 342 577 Eodem
364 533 492 577 modo
513 533 561 588 in
582 534 746 577 Phoen.
765 536 904 578 v.690
926 551 997 578 res
1019 537 1294 581 instituitur:
1325 540 1542 593 Eteocles,

60 619 188 661 quem
219 604 323 646 dum
352 603 510 647 chorus
543 607 698 647 cantat
743 604 864 648 intus
898 606 1034 649 fuisse
1068 608 1281 651 scholium
1312 610 1368 652 ad
1400 626 1438 652 v.
1461 611 1545 652 690

20 680 27 728 j
56 673 279 732 quoddam
310 674 357 716 et
387 673 610 716 Ricardus
642 674 844 717 Arnoldt
865 674 1012 730 (Chor.
1038 677 1233 719 Technik
1255 694 1295 734 p,
1321 679 1391 734 23)
1423 683 1543 721 recte

58 745 252 795 monent,
298 743 345 785 in
391 757 593 785 scaenam
638 743 793 800 prodit
839 748 884 786 et
931 760 1105 787 servum
1150 747 1274 790 iubet
1307 748 1544 791 Creontem

25 819 304 868 'arcessere;
351 812 434 869 hoc
478 827 651 869 quoque
694 813 802 866 loco,
852 829 929 856 cur
974 815 1023 867 is,
1075 817 1146 871 qui
1190 818 1419 873 negotium
1449 818 1541 872 dat,

58 884 202 935 exeat,
243 882 378 939 plane
406 882 555 938 ignari
587 897 759 937 sumus;
802 887 1051 927 memoratu
1084 901 1187 928 vero
1221 886 1401 943 dignum
1433 890 1541 943 puto

17 951 24 986 -ἶ
58 954 237 1008 poetam
257 951 328 994 hio
347 951 578 994 Eteoclem
598 951 679 994 hac
701 953 925 995 commoda
957 954 1129 997 ratione
1156 955 1394 1009 induxisse,
1428 956 1543 1012 quod

19 1043 32 1082 v3
56 1021 104 1064 in
134 1035 294 1065 scaena
324 1021 527 1078 proxima
557 1036 608 1064 ea
640 1036 831 1078 persona
864 1038 969 1078 opus
1003 1027 1111 1067 erat.

174 1091 213 1133 2.
256 1090 365 1134 Cum
406 1090 474 1134 his
514 1091 623 1135 locis
664 1092 903 1148 Euripides
952 1094 1043 1135 eius
1091 1109 1306 1150 personae
1353 1110 1541 1149 causam,

59 1175 170 1218 quae
211 1160 443 1217 negotium
485 1160 680 1214 mandat,
737 1177 824 1204 non
870 1163 1058 1218 amplius
1114 1164 1450 1219 significaverit,
1496 1165 1542 1206 in

19 1229 341 1288 rfSupplicibus
386 1245 622 1286 personam
679 1231 962 1274 mandantem
1009 1247 1085 1274 cur
1130 1233 1177 1274 in
1223 1248 1424 1276 scaenam
1479 1234 1542 1275 in-

57 1299 251 1352 duxerit,
285 1303 493 1356 apertum
515 1302 606 1353 est;
639 1315 740 1349 nam
763 1300 970 1354 Theseus,
1007 1302 1081 1357 qui
1103 1302 1148 1343 in
1171 1318 1210 1345 v.
1236 1303 1316 1344 381
1342 1317 1542 1345 scaenam

13 1387 25 1426 '5'
55 1368 232 1422 introit,
279 1385 320 1412 v.
362 1369 590 1412 355—357
639 1384 686 1412 se
731 1385 826 1412 cum
882 1370 1097 1413 militibus
1153 1372 1399 1414 rediturum
1447 1387 1541 1415 esse

55 1438 312 1482 Eleusinem
352 1439 637 1495 promiserat,
685 1439 761 1482 sed
805 1455 883 1482 cur
925 1441 971 1482 in
1016 1455 1172 1483 scaena
1203 1441 1372 1483 demum
1413 1456 1541 1498 prae-

56 1523 209 1552 conem
230 1507 405 1551 Thebas
436 1510 750 1565 properantem
782 1523 972 1566 corpora
1002 1512 1280 1553 mortuorum
1310 1525 1541 1567 reposcere

10 1578 221 1637 'yiubeat‚
253 1580 342 1620 non
373 1578 504 1634 plane
534 1581 685 1635 patet,
720 1593 825 1634 ergo
847 1579 884 1621 si
903 1594 997 1621 rem
1018 1579 1157 1635 ipsam
1189 1582 1374 1635 spectes,
1408 1595 1541 1622 causa

16 1651 23 1698 J
56 1646 207 1691 aditus
239 1647 473 1704 praeconis
505 1663 592 1690 non
625 1651 796 1702 exstat:
843 1663 1105 1704 quamquam
1137 1663 1396 1704 praeconem
1430 1650 1539 1692 The-

9 1722 14 1746 -’
58 1731 178 1760 seum
209 1717 469 1760 comitatum
501 1732 597 1760 esse
627 1733 715 1760 non
745 1718 917 1774 ignoro.

172 1788 212 1830 3.
230 1787 389 1830 Tertia
417 1787 566 1829 forma
595 1787 725 1830 huius
757 1787 932 1844 generis
975 1788 1041 1830 ita
1082 1788 1323 1844 composita
1365 1791 1446 1840 est,
1490 1791 1541 1831 ut

9 1870 17 1914 ’δ
56 1871 249 1913 persona
268 1856 430 1908 altera,
462 1859 697 1914 postquam
718 1857 906 1900 alteram
938 1857 984 1899 in
1016 1871 1216 1900 scaenam
1248 1858 1537 1911 evocavit,

11 1957 18 1974 1
55 1927 241 1983 negotia
269 1926 473 1981 mandet;
515 1927 719 1970 neutrius
752 1927 900 1969 aditus
933 1941 1066 1969 causa
1097 1929 1242 1980 caret,
1287 1927 1413 1983 prior
1445 1943 1540 1983 per-

15 2031 17 2033 .
57 2010 166 2039 sona
182 1996 386 2053 qualibet
403 2010 536 2039 causa
552 1999 770 2039 commota
787 1996 909 2049 exiit,
934 1996 1082 2039 altera
1100 1999 1326 2039 evocatur.
1374 1997 1540 2039 Tamen

10 2091 11 2094 =
56 2079 136 2109 cur
166 2066 397 2122 negotium
427 2065 472 2108 in
504 2081 664 2109 scaena
688 2066 785 2123 ipsa
806 2066 1055 2119 mandetur,
1089 2073 1222 2122 poeta
1254 2067 1539 2122 comprobare

18 2147 21 2149 ’
55 2150 145 2178 non
166 2135 332 2179 studet.
393 2135 538 2179 Huius
560 2136 728 2179 formae
752 2136 999 2192 exemplum
1020 2135 1310 2192 Euripideum
1331 2136 1377 2177 in
1395 2135 1538 2178 Orest.

55 2205 193 2248 fabul.
217 2221 258 2249 v.
283 2206 367 2248 110
382 2220 437 2248 ss.
459 2205 654 2261 legitur:
687 2205 872 2257 Helena,
907 2220 1018 2261 qnae
1040 2205 1126 2246 iam
1150 2208 1283 2247 antea
1312 2205 1540 2247 Electram

9 2279 25 2305 ἶ
57 2276 352 2329 Commotura,
396 2277 449 2318 ut
490 2290 573 2332 pro
618 2290 662 2318 se
705 2274 888 2317 inferias
935 2274 1295 2329 Clytaemestrae
1339 2275 1540 2327 afferret,

57 2359 239 2402 egressa
270 2347 383 2397 erat,
424 2344 562 2388 filiam
592 2345 877 2388 Hermionam
920 2348 1088 2396 evocat,
1132 2347 1184 2386 ut
1224 2344 1305 2386 hoc
1337 2344 1377 2386 ei
1407 2359 1538 2400 nego-

0 2419 11 2447 ='
54 2414 169 2457 tium
199 2414 288 2457 det.
321 2440 378 2445 —

171 2483 298 2527 Hanc
326 2499 514 2541 -quoque
557 2498 815 2527 scaenarum
860 2483 1240 2539 compositionem,
1295 2482 1411 2538 quod
1453 2483 1541 2525 iam

0 2538 11 2625 ἶ
55 2553 230 2611 saepius
262 2553 432 2597 factum
461 2554 665 2606 vidimus,
698 2555 858 2611 poetae
888 2554 990 2609 post
1020 2552 1281 2609 Euripidem
1313 2552 1541 2594 discebant

0 2631 9 2699 ἑ
56 2623 104 2666 et
133 2624 429 2691 usurpabant.
490 2624 587 2666 Iam
620 2622 847 2666 exordium
877 2621 976 2678 Iph.
1010 2621 1129 2673 Aul„
1173 2620 1288 2677 quod
1321 2624 1422 2697 post
1454 2621 1540 2662 Eu-

56 2691 216 2757 rifflis
247 2693 437 2735 mortem
468 2693 759 2749 compositum
791 2706 885 2734 esse
908 2690 1151 2734 verisimile
1184 2692 1265 2741 est,
1300 2690 1392 2733 eius
1423 2690 1541 2732 modi

0 2856 6 2876 t

0 3091 12 3186 ,stp—

57 2764 140 2815 est,
181 2763 234 2804 ut
264 2764 419 2818 aperte
451 2762 648 2818 vestigia
679 2761 845 2804 tertiae
885 2760 1007 2803 illius
1048 2760 1237 2802 rationis
1269 2761 1538 2836 appareant:

0 2826 331 2914 Agamemno
370 2845 547 2875 servum
591 2846 738 2874 senem
770 2845 793 2872 e
823 2830 1023 2872 tentorio
1068 2831 1236 2883 evocat,
1283 2829 1352 2871 cui
1383 2830 1541 2884 postea
