1889 3284
0 640 8 651 -.
0 540 7 566 υ
0 448 13 531 (γη-ψ-
0 331 17 442 ..vs-„W
0 266 14 325 ,πη

857 194 911 235 51

132 308 320 352 brevius
353 308 592 362 contraxit,
636 311 688 350 ut
731 310 1065 364 praenuntiatio
1106 326 1192 353 non
1224 311 1308 353 iam
1342 311 1485 367 spatio
1529 311 1627 366 plus

144 383 322 421 centum
357 392 564 421 versuum
594 379 649 420 ab
683 377 811 420 aditu
840 381 1058 434 personae
1091 380 1162 421 vel
1193 394 1377 436 pompae
1409 394 1626 435 praenun-

144 448 289 490 tiatae
321 447 472 500 distet,
520 446 598 489 sed
641 448 878 503 perpaucis
921 448 1122 490 versibus
1167 449 1364 491 diiuncta
1408 449 1487 502 sit:
1534 463 1629 491 eam

141 517 333 572 formam
365 531 419 559 ex
451 516 685 572 tragoedia
725 516 953 558 oriundam
986 531 1078 559 esse
1111 518 1202 574 ipse
1235 533 1432 561 sermone
1464 518 1629 574 tragici

143 586 306 630 coloris
337 585 524 628 fatetur.

259 654 371 698 Ach.
406 656 529 698 1174.
592 654 762 698 Servus
794 654 1005 697 Lamachi
1038 657 1285 699 revertitur
1317 664 1360 699 et
1393 672 1628 700 conservos

141 728 324 769 evocat:
371 727 403 766 ὦ
437 727 580 780 δμῶες,
625 724 660 765 οἳ
692 723 770 765 κατ’
810 723 914 765 οἶκόν
948 727 1033 765 ἐστε
1067 727 1262 781 Ᾱαμσῖχου
1295 730 1342 769 et
1373 742 1445 769 eos
1479 741 1630 769 curam

141 795 342 839 vulneris
375 794 441 838 eri
480 808 757 851 praeparare
796 794 934 847 iubet,
980 810 1064 851 quo
1108 799 1382 851 spectatores
1416 796 1629 839 certiores

140 865 254 908 fiunt
284 864 553 908 Lamachum
584 864 731 921 ipsum
763 863 1011 906 rediturum
1056 880 1173 911 esse:
1220 869 1266 909 et
1296 866 1497 921 profecto
1530 880 1631 907 mox

141 951 182 977 v,
217 935 330 977 1189
363 934 442 991 (ὁδὶ
475 934 517 975 δὲ
548 935 720 988 καύτός.)
768 934 1016 976 revertitur
1036 936 1075 990 ¹).
1141 934 1283 977 Simili
1326 936 1421 977 loco
1466 935 1631 978 Avium

140 1004 326 1048 nuntius
359 1006 416 1059 (v.
441 1004 570 1059 1706)
603 1004 754 1047 verbis
787 1018 905 1046 mere
937 1005 1120 1059 tragicis
1152 1019 1354 1061 pompam
1385 1005 1631 1061 nuptialem

141 1074 398 1118 Pithetaeri
438 1074 708 1130 pronuntiat
723 1073 768 1126 ²),
815 1074 889 1130 qui
920 1090 961 1115 v.
996 1076 1107 1116 1718
1138 1075 1232 1131 ipse
1264 1075 1309 1116 in
1341 1089 1500 1117 scaena
1530 1089 1630 1118 con-

143 1144 356 1201 spicitur:
391 1142 451 1184 ὁῧὶ
486 1143 527 1184 δὲ
558 1143 700 1190 καύτός
734 1145 849 1185 ἐστιν.
914 1143 1032 1196 Quos
1065 1143 1184 1186 locos
1206 1143 1562 1200 Aristophaneos
1595 1144 1633 1187 si

141 1228 239 1257 cum
270 1212 381 1256 locis
414 1212 600 1268 tragicis
635 1227 954 1268 comparamus,
1001 1213 1182 1255 eandem
1214 1214 1399 1256 formam
1431 1228 1525 1256 esse
1558 1228 1630 1270 ap-

141 1285 275 1340 paret
304 1283 351 1324 in
381 1282 669 1339 paucissimos
704 1297 859 1325 versus
893 1285 1170 1325 contractam
1184 1282 1225 1338 ³)

259 1352 348 1395 Sed
386 1352 495 1395 haec
525 1352 668 1395 forma
699 1354 795 1395 tum
828 1352 998 1395 demum
1043 1353 1140 1395 usui
1183 1368 1324 1396 novae
1367 1352 1630 1404 comoediae,

145 1437 258 1479 quae
291 1422 435 1465 ferme
463 1422 633 1465 nuntiis
665 1437 754 1464 non
785 1424 958 1475 utatur,
1002 1425 1110 1479 apta
1144 1425 1258 1476 erat,
1300 1438 1396 1465 cum
1426 1438 1515 1464 non
1544 1423 1633 1465 iam

141 1492 302 1546 nuntii,
349 1492 427 1535 sed
469 1506 687 1548 personae
731 1492 973 1548 primariae
1017 1508 1089 1535 res
1132 1508 1232 1536 mox
1272 1493 1317 1535 in
1349 1495 1633 1549 conspectum

140 1564 355 1606 venturas
407 1562 802 1618 praenuntiabant.
881 1562 1009 1615 Quod
1059 1562 1245 1619 primum
1296 1563 1340 1604 in
1392 1563 1631 1619 Equitibus

142 1632 478 1689 Aristophanea
519 1631 688 1675 factum
734 1634 816 1674 est.
879 1632 934 1674 ln
967 1648 1005 1675 v.
1043 1633 1157 1674 enim
1190 1633 1301 1675 1316
1332 1633 1631 1688 Agoracritus

141 1702 236 1745 exit
267 1704 314 1745 et
346 1701 479 1745 choro
513 1702 723 1758 populum
758 1716 913 1744 rursus
945 1702 1149 1744 iuvenem
1180 1702 1346 1745 factum
1379 1717 1474 1744 esse
1507 1701 1631 1744 deco-

142 1771 316 1829 quendo
359 1774 520 1815 narrat
559 1776 606 1814 et
647 1772 820 1828 equites
866 1771 1086 1824 admonet,
1130 1775 1181 1814 ut
1224 1772 1389 1827 linguis
1422 1771 1633 1814 faveant:

141 1841 338 1897 εὐφημεῖν
367 1841 446 1897 χρὴ
469 1840 536 1882 καὶ
558 1843 684 1896 στόμα
705 1842 846 1882 κλείειν
869 1841 932 1882 καὶ
957 1850 1174 1896 μαρτυριῶν
1198 1842 1433 1896 ἀπέχεσθαι.
1491 1841 1630 1884 Paulo

143 1915 378 1968 postquam
411 1911 477 1954 ita
507 1911 804 1954 mutationem
836 1911 998 1968 Populi
1032 1911 1278 1955 denotavit.
1311 1911 1507 1968 Populus
1538 1911 1631 1967 ipse

142 1981 238 2023 exit
253 1981 298 2035 4).
361 1980 461 2034 Qua
491 1995 624 2024 causa
654 1983 790 2037 poeta
832 1995 1068 2037 personam
1100 1981 1221 2023 intus
1253 1981 1502 2030 retinuerit,
1544 1995 1631 2023 non

264 2098 298 2143 1)
324 2098 441 2144 Beyer
466 2109 500 2142 p.
528 2101 571 2133 65
600 2098 716 2133 fusius
742 2097 785 2132 de
812 2099 877 2132 hac
907 2099 1024 2133 nuntii
1050 2099 1258 2132 narratione
1285 2098 1367 2141 egit.

261 2159 298 2202 2)
326 2156 380 2192 Cf.
410 2158 526 2203 Beyer
551 2169 585 2201 p.
613 2160 668 2192 68.

261 2218 298 2261 3)
326 2217 516 2261 Tragicam
551 2216 705 2251 formam
743 2228 815 2250 non
855 2217 1035 2250 contraxit
1075 2216 1111 2249 in
1151 2216 1255 2249 Pluto
1282 2216 1630 2260 (027—74s-771),

143 2285 249 2319 quam
275 2275 437 2310 fabulam
463 2280 578 2310 artem
605 2275 818 2319 tragoediae
846 2275 947 2318 sequi
973 2275 1043 2308 iam
1071 2285 1181 2318 supra
1208 2274 1336 2308 monui.

260 2335 298 2379 4)
324 2335 392 2369 Hic
418 2335 518 2370 locus
544 2335 719 2378 Equitum
741 2334 1015 2368 commonefacit
1035 2334 1271 2368 Phaethontis
1291 2334 1416 2377 Eurip.
1437 2332 1632 2377 fragmenti

141 2397 220 2438 773,
247 2395 284 2429 in
310 2405 380 2438 quo
407 2399 454 2440 (v,
481 2396 542 2440 66)
571 2405 703 2439 praeco
736 2394 898 2437 Meropis
925 2395 1121 2437 Aethiopes
1150 2393 1293 2427 silentio
1319 2403 1440 2436 regem
1466 2394 1631 2436 accipere

141 2457 178 2489 et
204 2454 238 2489 ei
262 2453 437 2489 decedere
462 2455 562 2489 iubet
588 2455 643 2488 his
670 2454 809 2488 verbis:

566 2513 726 2547 Ὠκεανοῦ
753 2513 874 2547 πεδίων
901 2514 1084 2557 οἰκήτορες,

564 2574 741 2620 εὐφαμεῖτε
770 2600 776 2606 .
806 2601 811 2607 .
842 2601 847 2605 .

141 2631 345 2675 Utrubique
372 2632 503 2667 chorus
530 2637 713 2676 tamquam
740 2633 775 2666 in
803 2632 909 2666 rebus
946 2630 1075 2665 divinis
1115 2630 1338 2671 admonetur,
1375 2634 1413 2663 ut
1440 2639 1632 2673 personam

141 2690 396 2734 procedentem
422 2692 566 2727 silentio
593 2692 767 2736 accipiat;
797 2697 833 2725 at
862 2692 927 2725 hoc
957 2691 1036 2725 loco
1062 2690 1299 2725 Phaethontis
1326 2694 1434 2733 poeta
1460 2700 1530 2723 non
1556 2689 1631 2723 ani-

141 2762 218 2785 mos
244 2752 281 2784 in
308 2761 428 2794 regem
454 2751 643 2786 intendere
671 2751 759 2792 vult,
796 2750 859 2785 sed
893 2749 930 2784 id
965 2750 1049 2793 agit,
1087 2754 1127 2782 ut
1162 2759 1297 2783 morem
1332 2749 1487 2782 aulicum
1514 2749 1630 2792 gentis

139 2809 320 2844 barbarae
359 2809 541 2844 describat
580 2810 641 2854 (cf,
670 2810 885 2851 Wilamow„
923 2809 1044 2843 Herm.
1076 2809 1243 2851 13‚404):
1283 2811 1317 2842 et
1344 2806 1494 2850 accedit,
1536 2807 1631 2851 quod

141 2879 273 2914 praeco
301 2880 372 2903 non
398 2870 644 2913 praenuntiat,
683 2868 746 2904 sed
785 2869 892 2903 simul
931 2879 1010 2903 cum
1036 2878 1120 2912 rege
1147 2872 1183 2901 et
1209 2867 1436 2902 Phaethonte
1463 2876 1631 2911 egressus

1301 2927 1351 2960 4*
