1889 3284
0 216 3 224 ν
0 185 24 208 ἶιΪ
0 90 28 175 1ξῖᾟῖτέ

881 209 934 250 37

164 321 330 365 lularia
375 321 569 364 familias
613 315 856 377 Megadori‚
905 324 979 380 qui
1023 325 1070 366 in
1116 325 1358 380 exemplari
1389 324 1561 368 Graeco
1605 326 1650 367 in

163 405 323 435 scaena
342 390 593 442 habitabat,
628 394 672 433 et
695 392 952 443 Eunomiae,
985 393 1108 435 cuius
1141 394 1270 437 aedes
1297 396 1426 436 extra
1448 409 1649 437 scaenam

162 465 294 504 erant
341 460 455 503 sitae
502 460 631 516 quasi
677 461 799 504 inter
847 477 892 504 se
939 462 1260 505 consociavisse
1291 464 1514 506 Dziatzko
1547 464 1647 516 (Rh.

162 530 276 573 Mus.
312 529 385 584 37)
415 530 712 586 probabiliter
760 531 1097 574 demonstravit.
1160 532 1225 574 Eo
1267 533 1332 585 fit,
1377 535 1429 575 ut
1460 533 1648 576 Plautus

161 600 208 642 in
252 599 472 656 colloquio
513 599 745 656 Megadori
789 604 836 643 et
879 601 1135 655 Eunomiae,
1180 603 1296 659 quod
1339 604 1384 645 in
1415 619 1454 646 v.
1491 603 1573 644 120
1591 617 1646 645 ss.

161 669 353 726 legitur,
402 684 492 711 non
531 669 621 718 iam
665 670 817 712 eadem
861 685 994 713 causa
1051 672 1299 728 prodeundi
1342 688 1469 725 usus,
1518 687 1648 728 quam

160 742 296 797 poeta
349 738 545 782 Graecus
592 739 858 782 adhibuerat
873 741 924 795 ¹),
983 756 1196 797 personas
1245 742 1290 783 in
1336 757 1538 784 scaenam
1584 742 1647 783 in-

161 809 357 862 duxerit,
395 808 472 852 sed
503 808 691 851 formam
727 811 889 852 secreti
922 810 1133 867 colloquii
1162 812 1460 868 usurpaverit.

278 878 405 922 Idem
435 878 625 921 Plautus
660 879 696 921 si
729 880 975 935 composuit
1018 880 1243 922 exordium
1287 895 1470 923 scaenae
1501 881 1586 933 III,
1623 881 1643 922 1

161 948 323 992 Militis
369 948 440 1003 (cf.
473 948 578 1002 Leo,
611 948 694 1000 Qu,
728 948 829 1002 Pl.‘2⁷
866 950 976 1003 181),
1026 950 1209 992 comicos
1242 949 1437 992 Graecos
1469 952 1645 993 secutus

158 1018 427 1075 colloquium
459 1021 563 1061 ante
597 1018 727 1061 aedes
762 1021 978 1061 secretum
1002 1017 1171 1074 (confer
1194 1036 1234 1061 v.
1258 1020 1502 1071 596—610)
1533 1019 1645 1062 hanc

159 1103 364 1132 scaenam
397 1103 491 1131 esse
522 1088 667 1131 voluit
692 1103 834 1145 neque
856 1089 985 1131 nimis
1011 1091 1066 1132 ab
1089 1095 1190 1132 arte
1212 1089 1485 1132 Graecorum
1517 1091 1643 1132 aber-

156 1159 279 1203 ravit
292 1158 336 1214 2).

272 1228 389 1271 Huic
421 1228 592 1271 formae
633 1228 796 1271 secreti
838 1228 1048 1285 colloquii
1092 1229 1247 1271 similis
1281 1231 1350 1271 est
1380 1229 1512 1281 ratio,
1557 1243 1644 1285 qua

155 1314 245 1342 non
275 1298 430 1342 nullae
462 1312 648 1341 scaenae
682 1298 953 1354 compositae
986 1300 1103 1344 sunt.
1136 1313 1244 1354 quas
1276 1299 1478 1341 afferam:

271 1368 413 1411 Andr.
454 1368 552 1410 820.
625 1367 835 1411 Chremes
883 1370 930 1410 et
976 1367 1093 1410 Simo
1142 1383 1195 1410 ex
1228 1368 1415 1410 Simonis
1462 1367 1642 1410 aedibus

156 1437 466 1495 egrediuntur.
528 1437 739 1480 Chremes
772 1438 818 1479 in
850 1454 890 1480 v.
924 1438 1008 1479 789
1041 1438 1085 1479 in
1128 1438 1257 1480 aedes
1292 1437 1480 1480 Simonis
1520 1437 1641 1480 intro

153 1509 283 1552 ierat.

273 1578 521 1621 Heautont.
544 1578 669 1622 1003.
734 1577 944 1621 Chremes
967 1581 1012 1621 et
1035 1594 1147 1620 uxor
1169 1578 1260 1621 eius
1283 1577 1489 1621 Sostrata
1514 1577 1640 1620 domo

156 1648 419 1707 procedunt,
453 1648 557 1691 dum
587 1648 915 1705 colloquuntur.

272 1719 385 1761 Eun.
418 1719 516 1761 818.
578 1718 714 1760 Thais
748 1721 794 1761 et
825 1718 1017 1773 Pythias
1050 1718 1353 1773 colloquentes
1386 1719 1561 1760 exeunt.

273 1788 361 1831 Ad.
393 1788 490 1831 288.
553 1787 766 1831 Sostrata
793 1790 839 1830 et
862 1788 1093 1830 Canthara
1122 1788 1169 1830 in
1202 1802 1401 1830 scaenam
1433 1801 1639 1843 egressae

150 1857 493 1915 colloquuntur,
543 1872 759 1915 quaenam
801 1872 933 1900 causa
975 1857 1223 1914 prodeundi
1271 1857 1343 1910 sit,
1389 1872 1478 1899 non
1529 1856 1638 1899 satis

156 1929 373 1985 apparet,
409 1927 673 1985 Spengelius
707 1927 882 1984 quidem
915 1927 1035 1983 (ΜΝ)
1066 1942 1240 1969 causam
1271 1926 1523 1983 repperisse
1555 1926 1640 1968 sibi

154 1997 357 2052 videtur,
402 2012 476 2041 eas
508 2000 616 2040 ante
647 1998 778 2040 aedes
812 1999 931 2040 exire
963 2000 1108 2053 putat,
1150 2000 1200 2038 ut
1233 1998 1503 2052 exspectent,
1535 2011 1635 2037 num

154 2066 276 2111 Geta
305 2067 380 2111 vel
408 2067 659 2110 Aeschinus
683 2067 850 2110 veniat.
913 2066 1000 2110 Sed
1031 2081 1190 2109 revera
1221 2080 1315 2108 eam
1347 2080 1522 2108 causam
1549 2080 1637 2107 non

154 2138 335 2180 subesse
365 2138 503 2180 verba
546 2137 644 2194 ipsa
687 2136 897 2192 colloquii
929 2135 1110 2188 docent,
1155 2150 1255 2177 nam
1301 2138 1380 2177 aut
1422 2134 1636 2191 scriptum

153 2209 272 2250 esset
301 2206 348 2249 in
378 2206 535 2264 primis
570 2206 725 2249 statim
757 2206 930 2249 verbis:
979 2206 1250 2261 „Exspecto‘⁴
1286 2205 1359 2247 vel
1395 2204 1632 2258 „Proviso“

152 2276 317 2324 (Casin.
361 2292 404 2320 v.
449 2276 546 2329 591,
593 2277 690 2327 855,
744 2275 1010 2318 Menaechm.
1056 2276 1155 2324 704>
1202 2277 1281 2316 aut
1326 2274 1415 2316 alia
1459 2274 1634 2316 ratione

151 2345 304 2402 primis
336 2346 491 2389 statim
512 2345 660 2389 verbis
685 2344 959 2401 exspectatio
991 2344 1231 2387 manifesta
1261 2344 1402 2386 fieret.
1437 2343 1632 2396 (Trucul.

272 2477 306 2516 1)
337 2475 513 2510 Dziatzko
540 2479 639 2510 recte
665 2476 701 2508 in
728 2487 757 2509 v.
791 2476 855 2508 145
882 2474 1073 2517 vestigium
1099 2473 1295 2517 indagavit,
1332 2472 1429 2516 quod
1449 2464 1633 2516 quomodo

150 2544 209 2569 res
223 2534 260 2580 in
275 2533 402 2569 fabula
414 2534 554 2569 Graeca
573 2546 610 2569 se
628 2534 807 2576 habuerit,
829 2533 1027 2577 significat:
1056 2533 1138 2578 „ted
1156 2533 1192 2566 id
1210 2533 1382 2567 monitum
1406 2531 1632 2566 advento‘².

267 2594 304 2639 2)
332 2593 387 2629 of.
415 2594 523 2629 etiam
550 2593 792 2638 fragmentum
820 2604 864 2627 ex
890 2592 1083 2636 Pomponii
1109 2591 1235 2626 fabula
1263 2592 1432 2627 Atellana
1450 2592 1635 2626 Praecone-

150 2652 353 2697 posteriore
380 2657 561 2688 servatum
588 2652 646 2697 (fr.
674 2653 706 2686 X
732 2663 766 2695 p.
795 2653 861 2686 297
889 2651 1030 2694 Ribb.):

335 2712 437 2756 „Ego
463 2711 586 2747 dedita
613 2722 725 2756 opera
751 2716 797 2754 te,
824 2715 939 2754 pater,
967 2711 1079 2745 solum
1106 2710 1206 2744 foras

335 2771 479 2815 Seduxi,
506 2775 545 2805 ut
571 2782 616 2805 ne
643 2771 722 2814 quis
750 2774 846 2805 esset
872 2770 975 2804 testis
1003 2769 1132 2803 tertius

332 2834 480 2875 praeter
505 2841 580 2873 nos,
608 2830 673 2864 tibi
699 2841 778 2863 cum
804 2828 992 2863 tunderem
1017 2828 1139 2863 labeas
1166 2828 1325 2862 lubens.‘·'
