1889 3284
789 250 843 291 65

0 390 3 391 ν
63 369 231 420 tarum,
263 365 558 423 repetitiones
581 364 913 421 colloquiorum,
948 378 1130 407 scaenae
1157 365 1202 406 in
1225 366 1381 421 quibus
1405 366 1549 408 altera

64 449 260 492 persona
276 435 467 477 alteram
485 433 781 490 subsequitur,
805 447 989 476 scaenae
1011 433 1057 475 in
1080 434 1235 489 quibus
1249 434 1434 476 duarum
1457 448 1550 490 per-

65 519 275 548 sonarum
293 518 573 561 egressarum
592 503 739 546 altera
756 502 891 545 alteri
910 502 1078 559 aliquid
1094 503 1285 555 mandat,
1306 503 1351 545 id
1368 507 1456 545 est:
1481 518 1550 545 ex-

65 574 194 618 ordia
209 574 522 631 plerarumque
537 587 679 616 novae
694 572 944 615 comoediae
963 586 1221 614 scaenarum
1239 573 1437 629 exempla
1452 588 1550 629 pro-

64 644 178 687 dunt
191 642 450 700 Euripidea.
483 642 652 685 Eadem
668 644 795 685 certa
810 641 897 683 fide
919 643 972 684 ut
989 641 1123 683 etiam
1142 656 1194 683 ex
1212 642 1368 697 quibus
1386 642 1549 684 fabulis

0 765 5 767 ‚
63 712 242 770 singula
259 714 364 755 orta
381 711 473 754 sint
488 711 743 763 indicemus,
761 711 887 753 nobis
904 725 992 753 non
1009 711 1243 766 contingit,
1267 714 1312 753 et
1330 711 1444 766 quod
1458 714 1550 753 tra-

20 801 22 803 ·
62 782 187 839 gicus
199 781 410 824 nimirum
421 781 635 838 pleraque
651 781 838 823 inventa
855 779 1099 822 identidem
1117 779 1357 822 adhibebat
1377 783 1421 822 et
1437 780 1551 835 quod

63 851 283 909 plurimae
326 850 505 893 fabulae
537 849 766 905 Euripidis
808 850 933 891 nobis
978 851 1184 891 servatae
1228 849 1346 905 apud
1378 852 1550 892 veteres

64 936 154 964 non
179 919 277 964 'tam
298 919 556 977 praeclarae
588 921 733 971 erant,
766 921 819 961 ut
841 933 1103 974 quemquam
1135 932 1208 960 eas
1239 918 1285 959 in
1309 918 1552 974 exemplum

67 989 360 1046 assumpsisse
391 989 491 1032 veri
522 988 664 1030 simile
696 988 768 1030 sit.
823 987 990 1030 Tamen
1011 987 1192 1030 Medeae
1225 988 1366 1043 prima
1398 1002 1553 1030 scaena

63 1060 276 1104 affectum
307 1059 490 1111 doloris,
538 1057 760 1114 Telephus
792 1057 945 1100 fabula
976 1057 1219 1113 inquietem
1263 1057 1408 1108 animi,
1452 1072 1551 1113 pro—

63 1130 193 1186 logus
215 1128 523 1172 Stheneboeae
545 1127 949 1170 considerationem
982 1141 1077 1169 esse
1110 1140 1284 1168 causam
1306 1126 1553 1183 prodeundi

64 1213 194 1257 posse
225 1200 383 1256 poetas
413 1197 613 1241 docuisse
645 1196 751 1239 mihi
783 1196 987 1249 videtur;
1033 1211 1087 1239 ex
1120 1196 1370 1252 Hippolyto
1404 1199 1551 1238 autem

65 1271 124 1324 (v.
157 1267 258 1324 601)
300 1267 410 1311 duas
454 1280 667 1324 personas
709 1281 826 1309 nova
869 1266 1045 1308 ratione
1091 1265 1222 1307 simul
1265 1266 1310 1307 in
1354 1280 1554 1308 scaenam

50 1337 242 1395 ducere,
275 1352 330 1380 ex
351 1336 545 1380 Hercule
566 1337 796 1393 negotium
829 1337 874 1378 in
907 1350 1063 1379 scaena
1094 1335 1293 1378 mandari
1318 1335 1551 1387 interdum,

66 1407 269 1466 quamvis
299 1409 488 1450 naturae
521 1407 712 1449 veritati
742 1421 829 1449 non
860 1405 1166 1462 responderet,
1200 1409 1386 1462 propter
1410 1409 1554 1448 artem

65 1468 287 1536 Poeticam
316 1477 614 1520 necessarium
647 1491 740 1519 esse
771 1475 1014 1523 discebant,
1054 1475 1175 1517 Ionis
1208 1489 1366 1517 scaena
1396 1475 1449 1516 iis
1482 1475 1553 1518 de-

66 1547 374 1600 monstrabat,
417 1560 504 1602 quo
548 1545 676 1588 modo
709 1545 922 1601 repetitio
956 1544 1162 1600 colloquii
1194 1547 1323 1586 extra
1355 1559 1555 1587 scaenam

63 1616 234 1675 incepti
276 1618 394 1659 esset
437 1614 731 1658 instituenda.
807 1615 952 1656 Minus
996 1628 1103 1656 vero
1149 1613 1344 1669 singulas
1377 1614 1553 1656 fabulas

65 1700 199 1744 quam
228 1685 485 1734 universam
516 1684 737 1727 rationem
780 1687 915 1740 atque
958 1683 1085 1726 velut
1118 1683 1418 1726 derectionem
1458 1686 1553 1725 tra-

63 1755 251 1812 goediae
282 1754 554 1811 Euripideae
598 1753 751 1796 comici
794 1754 1109 1810 sequebantur,
1158 1768 1253 1795 cum
1285 1766 1458 1794 causam
1491 1752 1554 1794 in-

65 1825 234 1870 troitus
266 1824 447 1882 prologi
478 1826 525 1866 et
555 1823 678 1866 chori
710 1823 1022 1880 neglegebant.

182 1895 279 1937 Iam
320 1894 360 1936 si
402 1893 589 1937 comicos
633 1893 994 1949 contemplamur.
1040 1892 1236 1943 inventa,
1282 1905 1392 1947 quae
1424 1891 1554 1933 Euri-

66 1964 192 2022 pides
212 1977 403 2021 perraro
426 1963 706 2016 adhibuerat,
738 1963 786 2004 in
807 1962 970 2005 fabulis
1003 1961 1266 2004 comicorum
1298 1960 1553 2002 coacervari

67 2033 268 2082 notabile
301 2035 391 2076 est:
427 2046 539 2089 quae
571 2032 689 2090 apud
721 2032 944 2088 tragicum
977 2038 1239 2073 ornamenta
1260 2030 1454 2081 fuerant,
1488 2029 1554 2071 his

5 2145 9 2148 Α
67 2106 162 2149 tam
207 2102 464 2146 necessaria
511 2109 665 2155 erant,
714 2108 764 2144 ut
813 2116 839 2144 a
884 2100 1133 2143 comoediae
1178 2114 1339 2155 genere
1385 2098 1556 2141 dicendi

3 2194 19 2211 υ
69 2172 245 2229 seiungi
285 2187 375 2215 non
416 2176 623 2229 possent3
676 2185 777 2214 nam
828 2171 864 2212 si
909 2169 1074 2212 fabulis
1120 2183 1263 2211 novae
1307 2168 1589 2211 comoediae.

69 2243 281 2286 affectum
313 2256 491 2285 causam
522 2241 725 2293 adeundi,
774 2239 995 2296 colloquia
1039 2238 1223 2280 duarum
1266 2251 1555 2294 personarum

0 2303 5 2307 ’
69 2313 257 2363 secreta,
289 2311 605 2368 repetitionem
637 2310 803 2366 incepti
835 2308 1045 2364 colloquii
1085 2307 1296 2358 demeres,
1344 2322 1430 2348 non
1470 2306 1555 2348 iam

70 2387 222 2426 essent
251 2381 434 2424 fabulae
463 2395 606 2423 novae
638 2379 900 2422 comoediae.
961 2377 1071 2420 Tale
1114 2376 1219 2432 quid
1249 2391 1345 2418 cum
1376 2376 1420 2417 in
1453 2390 1555 2431 quo-

71 2451 173 2494 dam
215 2448 382 2508 genere
421 2450 596 2506 poetico
630 2449 804 2500 accidit,
854 2447 1095 2491 cavendum
1137 2449 1217 2498 est,
1264 2460 1317 2487 ne
1361 2459 1415 2487 ex
1455 2447 1556 2486 arte

11 2514 19 2517 μ
71 2520 343 2564 consuetudo
374 2520 467 2563 fiat.
528 2519 625 2563 Hoc
655 2518 899 2574 periculum
930 2516 1114 2559 comicos
1145 2530 1233 2557 non
1265 2529 1435 2570 semper
1466 2514 1557 2556 evi-

27 2604 32 2609 ’
71 2589 244 2634 tavisse
276 2605 330 2632 ex
361 2589 534 2646 aliquot
564 2589 671 2631 locis
704 2588 856 2631 allatis
887 2586 1172 2628 manifestum
1205 2589 1284 2627 est.

187 2658 348 2702 Omnes
391 2659 591 2702 rationes
635 2671 876 2713 causasque
919 2670 944 2697 a
984 2655 1156 2697 comicis
1187 2656 1388 2708 receptas
1420 2651 1555 2694 solius

43 2727 305 2781 ,Menandri
338 2727 531 2780 fabulae,
565 2727 726 2784 quippe
759 2740 871 2782 quae
905 2724 995 2768 sint
1025 2723 1253 2780 plurimae,
1286 2721 1411 2764 nobis
1438 2720 1556 2763 exhi-

0 2800 2 2805 ’
73 2799 204 2852 bent;
238 2797 397 2854 quibus
428 2797 476 2839 in
507 2797 607 2840 aliis
632 2796 786 2839 formis
818 2795 908 2838 alia
929 2793 1144 2837 accedunt
1167 2790 1423 2835 testimonia
1453 2789 1557 2831 reli-

0 2859 10 2862 ⁹
76 2882 264 2926 quorum
287 2867 563 2910 comicorum.
610 2866 772 2922 Itaque
794 2880 897 2907 num
920 2863 1071 2907 comici
1101 2862 1147 2904 in
1167 2861 1234 2903 his
1257 2860 1400 2903 causis
1422 2861 1557 2915 atque

1259 2932 1278 2942 νυ

108 2948 231 2991 ῌειηηε.
1257 2946 1283 2972 Ο
