1889 3284
1051 195 1108 236 44

456 311 558 352 Non
580 323 683 352 casu
708 314 753 352 et
776 310 967 352 fortuito
991 309 1160 352 factum
1183 312 1262 363 est,
1297 312 1350 352 ut
1371 310 1507 353 etiam
1529 310 1576 352 in
1596 323 1737 353 novae
1760 324 1827 352 co-

341 379 538 421 moediae
557 378 791 434 permultis
811 379 992 431 scaenis,
1016 378 1062 420 in
1080 378 1238 434 quibus
1258 379 1472 436 repetitio
1492 378 1734 432 invenitur,
1756 378 1829 421 vel

340 449 487 490 altera
500 462 694 504 persona
708 447 900 489 alteram
915 446 1110 490 adducat
1124 448 1197 490 vel
1210 447 1358 490 altera
1372 448 1564 491 alteram
1578 448 1828 491 comitetur.

458 517 584 559 Hanc
617 517 839 559 rationem
861 517 1048 559 comicos
1072 517 1209 559 etiam
1240 517 1297 559 ad
1327 518 1516 560 formam
1548 517 1712 560 secreti
1742 506 1840 561 col-'

341 586 480 642 loquii
512 586 801 642 adaptavisse
833 586 920 628 iam
952 601 1088 643 supra
1119 586 1344 629 adnotavi.

463 706 502 748 d.
536 706 661 749 Idem
692 708 838 762 poeta,
885 706 961 762 qui
1003 708 1137 749 tanta
1179 709 1289 760 arte,
1336 707 1452 763 quod
1482 707 1623 750 vitam
1656 709 1703 750 et
1733 707 1833 750 veri

342 776 529 833 speciem
563 776 835 828 observavit,
871 790 1052 819 scaenas
1084 776 1187 819 illas
1221 776 1428 831 excoluit,
1468 777 1515 819 in
1547 777 1704 833 quibus
1735 791 1832 833 per-

343 860 476 888 sonae
521 845 740 902 colloquio
784 845 872 888 iam
916 845 1093 902 incepto
1137 845 1423 898 inducuntur,
1475 846 1588 889 miro
1633 846 1762 890 modo
1806 860 1833 889 a

343 915 487 971 specie
520 915 619 957 veri
650 914 894 958 declinavit
924 915 1016 958 alia
1046 915 1221 958 ratione
1253 916 1452 958 inventa.
1513 915 1629 958 Nam
1660 915 1830 972 primus
1888 917 1889 921 ’

342 999 525 1027 scaenas
560 984 795 1027 ostendere
840 985 999 1041 coepit,
1044 985 1092 1027 in
1137 986 1296 1041 quibus
1330 985 1444 1028 duae
1486 999 1703 1042 personae
1733 1000 1832 1042 pro-

341 1054 491 1105 deunt,
541 1069 726 1111 quarum
773 1054 919 1096 altera
966 1054 1101 1097 alteri
1146 1055 1377 1111 negotium
1423 1055 1606 1112 aliquod
1634 1055 1831 1109 mandat,

341 1124 469 1181 quod,
516 1124 553 1167 si
595 1128 804 1167 accurate
849 1125 1016 1181 species
1060 1125 1159 1167 veri
1203 1129 1388 1168 servata
1431 1127 1562 1179 esset,
1606 1125 1695 1167 iam
1726 1127 1832 1168 ante

339 1194 510 1236 aditum
542 1194 588 1235 in
620 1208 824 1237 scaenam
855 1194 1009 1236 datum
1042 1209 1136 1237 esse
1167 1194 1371 1237 debebat.

461 1265 497 1305 1.
531 1263 731 1306 Primum
762 1264 1010 1320 exemplum
1044 1265 1135 1306 eius
1167 1264 1352 1318 formae,
1387 1269 1602 1321 quantum
1623 1279 1702 1306 nos
1726 1263 1831 1306 scia-

339 1349 447 1385 mus,
483 1336 553 1376 est
586 1348 745 1376 scaena
766 1334 945 1376 Hercul.
970 1334 1053 1376 823
1072 1349 1149 1376 ss:
1183 1334 1270 1376 Iris
1305 1337 1351 1376 et
1382 1333 1564 1376 Insania
1595 1335 1832 1390 postquam

339 1406 648 1459 apparuerunt
680 1403 725 1445 in
756 1403 959 1446 machina
990 1406 1207 1456 astantes,
1241 1403 1442 1446 versibus
1469 1403 1698 1446 830—832
1730 1403 1832 1446 deo-

339 1489 436 1515 rum
479 1473 639 1515 nuntia
682 1473 896 1516 Iunonem
940 1476 986 1516 et
1033 1489 1079 1516 se
1122 1473 1263 1530 ipsam
1306 1473 1548 1516 Herculem
1591 1473 1832 1530 parricidio

341 1543 624 1598 obstringere
646 1558 807 1599 cupere
831 1543 941 1586 dicit
962 1543 1149 1599 ideoque
1175 1559 1211 1585 v.
1231 1543 1613 1586 833s.1nsaniae
1634 1542 1831 1597 mandat,

341 1615 392 1654 ut
424 1612 608 1654 Herculi
639 1612 841 1655 furorem
872 1613 1029 1655 iniciat
1040 1629 1047 1667 ς
1083 1612 1241 1655 deinde
1263 1613 1351 1655 Iris
1374 1612 1541 1656 avolat.
1603 1612 1728 1669 Ergo
1754 1627 1833 1655 cur

340 1682 523 1725 Insania
556 1682 690 1735 adsit,
740 1683 905 1739 optime
951 1682 1260 1738 intellegitur:
1306 1683 1510 1726 conficiet
1550 1682 1830 1733 mandatum3

341 1752 419 1795 sed
450 1767 594 1798 causa.
642 1767 728 1809 qua
772 1755 991 1795 commota
1022 1752 1110 1795 Iris
1143 1752 1273 1795 simul
1304 1752 1351 1794 in
1383 1766 1584 1795 scaenam
1628 1754 1833 1807 ingressa

341 1822 412 1874 sit,
448 1822 756 1875 desideratur;
790 1836 877 1878 qua
909 1821 1023 1864 enim
1055 1837 1104 1864 re
1136 1824 1291 1865 coacta
1313 1825 1382 1864 est
1403 1822 1449 1864 in
1471 1836 1629 1864 scaena
1659 1821 1834 1864 demum

338 1891 452 1934 illud
482 1892 712 1948 negotium
743 1891 987 1934 mandare?
1049 1891 1218 1935 Verum
1251 1894 1403 1935 tamen
1443 1891 1548 1948 quid
1589 1896 1725 1948 poeta
1755 1906 1832 1934 vo-

338 1962 490 2014 luerit,
538 1962 703 2018 optime
747 1962 1038 2018 perspicimus
1072 1970 1117 2005 et
1148 1963 1406 2019 probamus:
1453 1962 1692 2019 Euripides
1724 1976 1831 2005 vere

338 2038 472 2089 poeta
504 2032 725 2074 actionem
756 2032 802 2073 in
835 2046 994 2074 scaena
1026 2032 1221 2088 conspici
1242 2046 1373 2088 quam
1397 2031 1701 2074 narrationem
1731 2046 1829 2088 pro-

338 2101 441 2157 logo
475 2101 663 2144 similem
703 2101 851 2144 audiri
893 2101 1052 2143 maluit
1085 2100 1171 2157 (Cf.
1206 2101 1369 2144 Donat.
1403 2101 1460 2144 ad
1490 2101 1632 2144 Andr.
1664 2101 1701 2155 Ι,
1737 2101 1829 2144 1.1.

343 2171 420 2225 „In
442 2171 525 2214 hac
549 2185 708 2214 scaena
729 2170 838 2214 haec
860 2171 1008 2213 virtus
1032 2173 1112 2224 est,
1146 2173 1199 2213 ut
1220 2171 1474 2227 argumenti
1505 2171 1706 2213 narratio
1733 2185 1830 2214 esse

339 2241 456 2283 actio
489 2241 689 2284 scaenica
720 2240 991 2295 videatur“.)
1033 2240 1194 2297 ltaque
1225 2241 1272 2283 id
1302 2241 1419 2297 quod
1451 2241 1830 2283 Wilamowitzius

339 2311 395 2352 ad
429 2327 468 2353 v.
502 2311 586 2352 822
620 2310 749 2353 dicit:
799 2310 914 2365 „Iris
958 2310 1193 2353 orientiert
1226 2310 1444 2353 zunachst
1475 2309 1592 2353 Chor
1624 2310 1716 2352 und
1745 2310 1830 2352 Zu-

340 2381 523 2423 schauer
540 2380 896 2437 gleichermassen
914 2382 1023 2423 iiber
1040 2380 1110 2423 die
1127 2380 1484 2423 iiberraschende
1502 2379 1828 2436 Erscheinung‚

339 2450 408 2491 Da
441 2450 588 2493 nichts
621 2450 706 2492 den
738 2450 993 2492 Zuschauer
1032 2450 1114 2492 auf
1142 2449 1261 2492 diese
1292 2449 1520 2492 Personen
1551 2449 1831 2492 vorbereitet

338 2519 430 2561 hat.
475 2535 520 2561 so
554 2519 677 2562 steht
708 2519 787 2561 der
820 2519 1009 2562 Dichter
1041 2534 1122 2562 vor
1162 2519 1395 2562 derselben
1425 2519 1635 2575 Aufgabe
1666 2518 1751 2562 wie
1782 2518 1829 2560 in

339 2589 422 2631 den
446 2588 672 2644 Prologen
692 2589 783 2631 und
805 2589 896 2632 lost
919 2589 981 2632 sie
1005 2591 1208 2631 ebenso“.
1250 2604 1346 2631 cum
1370 2588 1630 2645 exceptione
1651 2589 1829 2643 tantum

339 2661 506 2700 rectum
540 2661 630 2712 est3
663 2673 766 2700 nam
797 2661 931 2714 poeta
963 2673 1228 2715 quamquam
1255 2658 1300 2700 id
1323 2658 1433 2714 agit,
1467 2660 1518 2700 ut
1549 2660 1827 2714 spectatores

339 2753 417 2792 526,
454 2751 565 2785 Andr.
593 2754 672 2793 2⁴23,
709 2751 773 2785 Ad.
803 2754 882 2794 (536,
921 2753 1062 2786 Curcul.
1089 2754 1168 2795 384,
1207 2752 1311 2786 Milit.
1342 2754 1449 2786 1378:
1487 2751 1607 2785 Etiam
1634 2749 1751 2785 forma
1776 2750 1827 2784 in-

339 2815 480 2843 trorsus
507 2810 678 2852 loquendi
705 2815 758 2844 est
785 2811 954 2854 repetitio
983 2811 1154 2855 colloquii
1179 2815 1283 2845 extra
1310 2821 1477 2845 scaenam
1504 2810 1629 2845 habiti.
