1889 3284
0 390 7 405 ..
0 363 7 372 ⁴
0 218 14 342 „mm

875 223 930 265 35

435 330 514 391 ἤδη
549 339 679 383 καλῶς
713 337 777 378 καί
811 338 956 384 σ’ἐκτὸς
989 339 1157 380 αὐθείων
1190 341 1319 380 πυλῶν

433 408 539 448 τοῦδ’
572 408 695 447 οὕνεκ’
728 407 956 462 ἐξέπεμπον,
992 412 1044 455 (υς
1079 410 1176 463 μόνη
1209 410 1353 455 κλύοις.

271 488 412 532 Nobis
431 488 609 545 quidem
626 503 723 531 cum
744 503 814 531 res
835 488 1074 532 hodiernas
1092 490 1355 532 conferimus
1373 490 1446 542 (cf.
1467 491 1642 534 Kaibel.

155 557 224 600 El.
255 573 298 615 p.
334 558 421 612 65),
468 557 604 600 causa
646 558 834 600 exeundi
867 558 1026 601 debilis
1059 574 1153 602 esse
1184 559 1387 613 videtur:
1433 575 1533 602 nam
1566 575 1644 603 cur

154 642 244 670 non
273 626 430 671 melius
473 627 570 671 1000
615 629 786 670 secreto
830 629 979 683 regiae
1024 643 1107 682 res,
1155 643 1262 685 quas
1305 630 1425 672 inter
1456 645 1502 672 se
1533 645 1643 673 com-

154 697 372 740 missurae
404 699 522 750 sunt,
554 696 808 753 peragant?
873 697 958 741 Sed
990 698 1215 740 Bruhnius
1258 701 1381 741 recte
1425 699 1482 741 ad
1512 715 1554 741 v.
1589 700 1642 742 18

156 765 372 809 adnotat:
400 766 532 821 »ἐκτὸς
557 766 725 807 αὐλείων
748 769 899 808 nomm:
922 767 1048 809 Haus
1070 767 1159 809 und
1181 767 1276 810 Hof
1296 768 1392 810 sind
1414 783 1500 810 von
1523 768 1644 811 einer

154 835 310 879 Mauer
341 836 710 892 eingeschlossen,
745 836 789 877 in
812 836 947 879 deren
969 836 1115 879 Front
1135 837 1228 880 sich
1251 838 1320 880 die
1354 837 1508 884 αὔλειος
1543 838 1642 893 θύρα

154 898 291 961 zeigt,
323 932 380 936 —
410 905 523 949 doch
553 905 671 948 wohl
703 905 798 948 eine
830 905 920 947 und
961 906 1083 948 nicht
1123 906 1229 949 drei.
1293 906 1530 963 Sophocles
1562 907 1643 951 hat

154 974 226 1018 die
259 974 400 1018 Szene
439 975 744 1031 dahingelegt,
791 975 892 1018 weil
924 990 968 1017 es
1002 975 1184 1032 wichtig
1215 992 1324 1028 war,
1370 977 1454 1019 dass
1487 977 1642 1019 keiner

154 1044 236 1088 der
267 1045 617 1102 Hausgenossen
660 1046 798 1088 ausser
842 1045 1014 1088 Ismene
1058 1048 1197 1088 etwas
1243 1061 1327 1087 von
1358 1046 1641 1101 Antigonens

155 1114 399 1158 Vorhaben
429 1115 562 1159 wisse
596 1149 604 1157 .
639 1149 647 1157 .

270 1184 399 1227 Hanc
418 1199 595 1227 causam
617 1184 766 1227 aditus
800 1184 845 1226 in
877 1198 1079 1227 scaenam
1096 1184 1473 1228 VVilamowitzius
1507 1185 1644 1228 etiam

153 1253 201 1296 in
231 1253 458 1311 Euripidis
492 1254 646 1297 fabula
690 1254 879 1311 quadam
923 1254 1148 1296 exstitisse
1191 1254 1384 1310 putavit.
1447 1254 1500 1296 In
1531 1270 1643 1297 com-

154 1323 422 1367 mentariolo
455 1324 583 1377 enim,
617 1339 745 1381 quem
777 1323 831 1366 de
862 1323 1144 1366 Phaethonte
1177 1324 1439 1380 conscripsit
1471 1323 1641 1377 (Herm.

156 1394 223 1448 18,
242 1393 357 1449 399),
391 1394 523 1437 dicit:
560 1393 811 1449 „Klymene
828 1392 909 1436 hat
930 1393 1022 1436 sich
1044 1393 1128 1435 den
1151 1392 1269 1435 Sohn
1290 1408 1389 1434 zum
1413 1393 1644 1449 Gesprach

155 1463 267 1506 noch
300 1478 381 1506 vor
413 1463 734 1521 Tagesgrauen
765 1478 847 1506 vor
878 1463 963 1505 den
994 1463 1151 1505 Palast
1196 1462 1393 1516 bestellt,
1438 1478 1510 1505 um
1554 1460 1654 1505 111111

153 1532 226 1575 (110
286 1532 639 1589 folgenschwere
705 1532 1005 1588 Entdeckung
1067 1532 1208 1575 seines
1264 1532 1526 1588 Ursprungs
1590 1547 1645 1574 zu

154 1601 377 1646 machen.“
441 1602 506 1645 Et
536 1618 587 1645 re
617 1617 728 1646 vera
749 1617 1013 1659 quamquam
1044 1602 1089 1644 in
1121 1601 1285 1644 fabulis
1320 1601 1449 1644 huius
1480 1603 1643 1659 poetae

153 1671 280 1715 nobis
322 1673 514 1716 servatis
557 1672 684 1715 nulla
726 1672 956 1715 invenitur
993 1686 1151 1715 scaena
1182 1687 1233 1714 ea
1264 1671 1439 1714 ratione
1471 1670 1642 1713 confor-

153 1744 289 1793 mata,
335 1748 486 1785 tamen
529 1758 584 1786 ex
628 1743 829 1785 versibus
862 1742 956 1799 Iph.
988 1742 1091 1784 Aul.
1128 1742 1237 1783 110ss
1257 1757 1313 1784 ss.
1361 1740 1642 1784 concluditur

153 1811 416 1869 Euripidem
448 1813 504 1855 ab
535 1812 618 1855 hac
649 1826 780 1855 causa
810 1812 961 1854 aditus
993 1827 1080 1854 non
1111 1811 1420 1854 abhorruisse:

393 1894 530 1948 Λήδας
562 1894 760 1948 γένεθλον,
793 1894 832 1934 ἐν
864 1895 974 1948 καλῷ
999 1889 1109 1937 σ’ἔξω
1144 1893 1275 1946 δόμων

390 1962 543 2021 εῧρηχ’,
576 1962 622 2005 ἵν’
659 1961 757 2004 εἴπω
790 1964 989 2018 παρθένου
1022 1962 1144 2018 χωρὶς
1177 1964 1315 2016 λόγους

390 2033 455 2081 οὓς
488 2035 558 2075 οὐκ
589 2034 744 2075 ἀκούειν
777 2032 843 2079 τὰς
875 2033 1124 2087 ·,>ἀμουμένας
1158 2032 1306 2086 πρέπει.

269 2114 384 2158 Uter
405 2115 682 2171 tragicorum
702 2116 829 2172 prior
852 2115 945 2157 tale
969 2128 1152 2156 scaenae
1178 2113 1354 2155 initium
1376 2111 1640 2165 instituerit,

153 2198 181 2227 a
211 2185 338 2228 nobis
370 2185 545 2242 quidem
578 2200 666 2227 non
697 2185 783 2227 iarn
815 2184 1018 2239 cognosci
1040 2186 1204 2239 potest.
1265 2182 1376 2224 Eam
1406 2184 1643 2238 postquam

154 2254 289 2297 semel
331 2254 520 2298 inventa
565 2257 646 2308 est,
693 2254 866 2310 saepius
900 2254 944 2294 in
976 2251 1213 2307 tragoedia
1255 2253 1517 2307 usurpatam
1549 2265 1643 2293 esse

153 2323 435 2367 manifestum
482 2329 551 2367 031
583 2326 630 2367 01
661 2324 932 2380 fragmento,
979 2321 1095 2377 quod
1126 2321 1297 2363 Nonius
1342 2335 1395 2362 ex
1426 2320 1642 2376 Epigonis

153 2391 280 2435 Accii
310 2394 448 2436 affert
478 2393 551 2449 (fr.
585 2393 627 2436 V
659 2408 697 2450 p.
730 2393 813 2434 201
848 2391 1007 2443 Ribb.),
1042 2389 1315 2433 ostenditur:

159 2473 339 2531 „anue
369 2475 432 2518 ivi
463 2475 544 2518 hoc
577 2489 720 2525 causa,
764 2476 814 2516 ut
854 2488 908 2516 ne
948 2473 1044 2528 quis
1084 2475 1242 2514 nostra
1272 2472 1412 2514 verba
1443 2470 1643 2526 cleperet

1260 2540 1481 2582 auribus“.

269 2625 371 2669 Non
403 2626 721 2678 obsolescebat‚
755 2624 871 2680 quod
904 2637 1000 2666 eam
1031 2623 1170 2665 multo
1205 2622 1427 2678 aptiorem
1459 2635 1553 2663 0330
1585 2620 1643 2663 ad

153 2695 373 2738 actionem
395 2695 589 2739 vividam
622 2710 754 2752 quam
783 2693 907 2736 illam
939 2693 1128 2735 formam
1160 2705 1431 2743 scaenarum,
1464 2691 1510 2732 in
1540 2704 1640 2745 qua,

154 2767 390 2821 postquam
422 2765 570 2808 altera
599 2767 704 2819 post
735 2763 926 2806 alteram
957 2775 1193 2818 personam
1226 2761 1271 2802 in
1305 2773 1507 2802 scaenam
1537 2774 1641 2816 pro-

152 2833 302 2886 cessit,
346 2834 389 2877 in
435 2849 593 2877 scaena
637 2834 810 2876 demum
851 2831 1070 2888 paulatim
1113 2830 1362 2873 diverbium
1405 2829 1534 2885 quasi
1576 2828 1642 2870 in-

1312 2900 1362 2933 3*
