1889 3284
794 217 846 258 63

197 327 407 371 Eiusdem
447 329 566 372 modi
611 332 680 372 est
712 330 910 374 Andriae
956 347 1113 374 scaena
1144 334 1205 375 Π.
1241 335 1286 375 1;
1331 334 1376 376 in
1410 350 1448 375 v.
1482 334 1562 377 301

80 397 300 441 Charinus
334 400 382 441 et
410 399 578 454 Byrria
620 399 922 455 colloquentes
967 402 1010 443 in
1056 417 1256 445 scaenam
1298 403 1562 460 procedunt:

79 469 128 510 et
170 482 268 510 cum
310 468 474 524 primos
519 483 695 520 versus,
745 484 851 525 quos
895 470 1067 512 dicunt.
1117 475 1300 527 spectes.
1348 473 1566 515 arbitrari

11 539 15 542 ⁴
78 537 234 593 possis,
268 536 510 580 Charinum
542 537 669 580 nulla
692 551 824 580 causa
846 539 1004 581 adduci
1036 540 1080 581 in
1113 555 1326 584 scaenam.
1381 542 1440 598 ⁴ln
1467 557 1564 584 ver-

79 606 200 651 sibus
232 606 405 649 demum
426 594 617 653 3IOJ311
649 622 741 649 rem
774 622 826 649 ex
856 607 1089 665 Pamphilo
1123 612 1355 667 exquirere
1387 611 1568 654 videtur

73 675 370 719 constituere.
433 676 562 729 Quod
608 676 839 719 consilium
872 692 921 720 re
954 693 1061 720 vera
1103 694 1279 722 causam
1322 679 1567 736 prodeundi

79 760 175 788 esse
207 744 473 802 Spengelius
506 760 679 802 quoque
711 748 832 788 recte
864 748 1105 803 perspexit.
1167 749 1316 791 Etiam
1358 749 1439 792 hoc
1471 750 1565 792 loco

86 829 139 857 ea
168 829 374 871 persona,
420 829 546 872 quae,
591 817 645 857 ut
687 815 954 871 colloquium
998 817 1143 872 repeti
1187 820 1347 874 posset,
1384 844 1431 848 —
1466 833 1567 861 nam

78 887 264 941 praeter
296 899 455 928 versus
488 884 597 927 duos
621 885 790 939 (323l4)
822 885 867 927 in
899 885 1117 942 colloquio
1148 886 1331 929 Charini
1363 890 1408 930 et
1440 887 1566 929 Pam-

78 953 191 1011 phili
221 969 310 998 non
341 954 398 997 ad
419 954 632 1011 Byrriam
663 954 917 1011 respicitur,
941 981 996 985 ——
1020 956 1065 997 in
1097 970 1295 998 scaenam
1318 956 1565 1013 prodierat,

79 1023 190 1067 satis
221 1026 405 1080 repente
438 1024 638 1080 abigitur
654 1026 684 1076 1)
718 1024 848 1079 (337).

194 1093 437 1136 Menander
481 1108 590 1136 vero
637 1094 718 1136 hac
761 1093 1051 1150 repetitione,
1099 1109 1185 1150 qua
1231 1095 1276 1136 id
1322 1095 1564 1147 consilium,

79 1162 198 1220 quod
218 1177 412 1218 persona
443 1163 489 1204 in
511 1177 671 1205 scaena
702 1163 873 1205 demum
906 1163 1039 1219 capit,
1072 1165 1303 1219 probatur,
1337 1165 1471 1206 etiam
1502 1164 1568 1206 ita

77 1247 184 1276 usus
217 1234 298 1284 est,
332 1234 386 1275 ut
417 1232 608 1275 alteram
636 1248 886 1290 personam,
927 1248 1038 1289 quae
1071 1248 1156 1289 qua
1188 1248 1319 1276 causa
1351 1236 1568 1277 commota

19 1333 22 1336 -
77 1301 125 1345 in
156 1316 362 1345 scaenam
391 1301 596 1358 prodeat,
629 1304 947 1359 praeterquam
979 1302 1095 1358 quod
1121 1304 1401 1358 repetitionis
1435 1317 1569 1345 causa

77 1371 331 1414 necessaria
363 1377 445 1421 est,
486 1386 575 1413 non
606 1371 903 1427 intellegitur,
946 1371 991 1412 in
1025 1385 1181 1414 scaena
1213 1373 1415 1427 sequenti
1445 1371 1567 1414 adhi-

38 1448 41 1449 ’
78 1442 219 1491 beret,
267 1441 384 1497 quod
426 1440 544 1483 idem
576 1440 817 1483 artificium
850 1440 986 1483 etiam
1017 1441 1062 1482 in
1094 1441 1274 1492 scaenis,
1322 1442 1368 1483 in
1410 1441 1567 1497 quibus

78 1509 309 1566 negotium
331 1509 478 1563 datur,
502 1510 832 1553 observavimus
850 1525 889 1566 p.
908 1510 1040 1564 45s46
1060 1536 1105 1539 —
1125 1527 1132 1551 :
1156 1510 1210 1551 In
1228 1510 1407 1553 Poenul.
1426 1527 1466 1554 v.
1485 1510 1567 1552 961

79 1580 400 1637 Agorastocles
443 1583 490 1623 et
521 1580 706 1636 Milphio
747 1579 1018 1637 procedunt;
1072 1580 1390 1635 Agorastocles
1430 1594 1568 1623 mere-

80 1650 216 1693 trices
259 1651 409 1693 ambas
441 1649 657 1706 ingenuas
698 1664 792 1692 esse
825 1649 1217 1705 Carthaginienses
1250 1650 1476 1705 comperit.
1525 1652 1570 1692 et

81 1734 155 1763 eas
185 1719 363 1763 liberali
394 1733 528 1762 causa
558 1734 691 1761 manu
722 1733 921 1761 asserere
946 1718 1164 1761 decernit:
1198 1718 1382 1775 Milphio
1405 1722 1567 1772 autem,

80 1791 317 1847 postquam
349 1804 442 1832 rem
473 1789 659 1842 detexit,
692 1803 782 1831 non
813 1788 920 1837 abit,
954 1788 1032 1830 sed
1063 1788 1108 1829 in
1138 1802 1295 1830 scaena
1317 1788 1570 1843 insequenti

79 1862 234 1916 partes
266 1858 378 1915 agit.

196 1928 504 1972 Recordamur
526 1942 728 1971 scaenam
751 1927 920 1983 Georgi
952 1943 992 1970 v.
1016 1927 1070 1968 22
1087 1941 1164 1969 ss.:
1197 1926 1418 1979 Philinna,
1447 1929 1568 1982 post-

80 2012 213 2055 quam
243 1998 298 2041 de
329 1997 527 2041 facinore
557 1998 731 2040 iuvenis
765 1997 900 2040 vicini
931 2012 956 2039 a
980 1996 1219 2052 Myrrhina
1250 1996 1416 2038 certior
1447 1996 1569 2038 facta

81 2071 164 2116 est,
186 2068 264 2111 vix
285 2083 331 2111 se
352 2067 567 2118 continet,
591 2067 697 2123 quin
718 2067 844 2109 illum
867 2066 1013 2109 verbis
1036 2065 1329 2108 acerbissimis
1354 2066 1566 2120 castiget:

81 2152 134 2181 ea
165 2137 220 2180 de
251 2151 384 2180 causa
413 2151 508 2180 eam
531 2137 674 2180 exisse
696 2137 866 2192 fingere
888 2136 1113 2184 debemus;
1148 2135 1383 2189 Myrrhina
1405 2141 1566 2185 autem,

13 2255 17 2258 ,
80 2221 194 2264 quae
209 2207 360 2263 paucis
374 2206 642 2263 colloquium
656 2206 778 2248 intus
794 2205 995 2247 habitum
1010 2205 1189 2260 repetit,
1209 2203 1333 2245 nulla
1347 2217 1479 2245 causa
1492 2203 1568 2245 ad-

0 2886 31 3284 ‘w-mww„q-1;v<‚-gs,<
4 2855 5 2858 „
0 2793 7 2831 ἢν
0 2755 10 2759 τ

82 2276 218 2320 ducta
234 2282 285 2319 ut
303 2276 577 2332 egrediatur,
601 2277 646 2317 in
669 2289 828 2318 scaena
851 2274 1054 2331 sequenti
1073 2287 1256 2328 magnas
1279 2272 1377 2327 agit
1398 2276 1566 2328 partes.

81 2370 285 2411 concinunt,
309 2380 428 2413 neque
453 2369 636 2412 intellego.
674 2379 744 2410 qua
770 2379 809 2401 re
837 2371 1033 2400 commotus
1060 2366 1255 2400 Nencinius
1283 2366 1506 2399 Chremetem
1533 2366 1568 2399 in

80 2428 208 2463 fabula
234 2429 375 2464 Graeca
400 2433 485 2473 post
519 2440 547 2461 v,
576 2430 643 2462 612
680 2427 777 2461 intus
804 2427 886 2461 isse.
926 2431 964 2459 ut
992 2426 1177 2469 pecuniam
1215 2424 1260 2458 ad
1286 2424 1568 2467 redemptionem

81 2488 323 2522 necessariam
350 2492 575 2531 apportaret,
603 2492 638 2520 et
665 2485 803 2521 deinde.
833 2485 1079 2528 recognitione
1104 2485 1200 2518 intus
1228 2488 1422 2526 comperta,
1450 2484 1566 2518 omnia

81 2547 350 2591 spectatoribus
385 2547 597 2590 exposuisse
631 2545 795 2579 coniciat.
857 2543 992 2586 Quodsi
1028 2543 1218 2576 Terentius
1254 2543 1320 2576 hoc
1356 2542 1434 2575 loco
1471 2542 1568 2576 Men-

82 2606 234 2640 andrum
271 2617 343 2640 non
382 2606 502 2640 vertit.
542 2604 604 2640 sed
637 2604 798 2637 imitatus
835 2610 899 2637 est.
939 2607 1053 2636 artem
1090 2601 1280 2635 Menandri
1316 2607 1388 2634 tam
1423 2601 1566 2643 penitus

82 2665 258 2709 pernovit,
285 2669 326 2699 ut
349 2664 429 2699 iure
457 2663 687 2708 „dimidiatus
713 2661 933 2696 Menander⁴⁴
963 2660 1079 2694 dictus
1107 2661 1164 2694 sit.

204 2725 238 2768 1)
267 2724 342 2758 Leo
380 2723 464 2758 hist.
503 2723 657 2757 litterar.
699 2731 779 2765 pag.
808 2723 876 2754 240
915 2719 1035 2753 adnot.
1067 2723 1081 2752 1
1123 2719 1178 2753 id.
1220 2717 1314 2761 quod
1341 2728 1449 2752 causa
1497 2728 1568 2760 qua

82 2787 279 2819 commotus
305 2782 435 2827 Byrria
473 2782 580 2816 abeat
617 2791 656 2814 re
683 2790 767 2814 vera
794 2779 905 2815 deest,
944 2778 1133 2822 vestigium
1160 2777 1474 2812 contaminationis
1503 2777 1567 2810 Tc-

81 2842 271 2877 rentianae
297 2851 376 2876 esse
402 2846 527 2885 putat:
555 2840 676 2874 nescio
705 2849 749 2873 an
778 2850 847 2872 non
875 2839 962 2872 iure.
