1889 3284
1067 216 1123 257 46

353 331 548 383 mandat,
595 334 644 373 ut
689 331 928 388 epistulam
968 330 1025 373 ad
1057 330 1441 387 Clytaemestram
1480 331 1661 385 ferat¹).
1723 331 1846 387 Aga-

351 416 522 443 memno
575 404 724 442 autem
770 400 863 457 ipse
908 415 933 442 a
981 414 1109 443 servo
1156 416 1197 442 v.
1241 401 1294 442 12
1309 415 1363 444 ss.
1410 401 1720 457 interrogatus
1767 416 1846 444 cur

357 470 532 522 exierit.
575 484 620 511 se
664 484 771 512 cura
816 471 950 525 atque
983 469 1204 512 aerumnis
1249 472 1512 513 commotum
1544 470 1748 526 prodisse
1779 470 1843 514 vi·

351 539 483 581 detur
517 539 711 581 indicare
744 540 800 593 (v.
837 540 890 581 16
906 539 993 586 ss).

465 608 708 650 Menander
753 611 797 650 et
843 608 985 651 ceteri
1032 608 1185 650 comici
1230 607 1344 651 hanc
1383 609 1575 652 formam
1620 609 1844 652 excultam

349 684 614 734 receperunt
647 681 694 720 et
724 693 812 720 non
833 677 1099 720 1111111310013
1123 677 1435 721 adhibuerunt.
1497 679 1633 736 Apud
1663 679 1842 722 Menan-

349 748 477 789 drum
510 762 657 790 omnes
689 750 785 789 tres
818 747 970 790 modos
1003 747 1272 791 invenimus:

466 818 502 858 1.
544 816 688 866 Illius,
738 831 865 873 quem
910 817 1052 873 primo
1100 817 1197 860 loco
1244 817 1453 869 tractavi,
1505 818 1752 874 exemplum
1797 819 1844 861 in

347 886 392 927 in
424 885 578 927 Aulul.
614 888 786 929 exstat:
821 886 996 942 Coquus
1021 886 1213 942 Congrio
1237 886 1330 929 exit
1353 891 1399 929 et
1419 886 1466 928 in
1489 901 1648 930 scaena
1669 887 1842 930 demum
1885 924 1887 926 .

347 971 535 1012 puerum
579 955 726 998 aulam
759 971 813 998 ex
842 956 1005 999 vicinia
1050 959 1204 1012 petere
1253 956 1377 998 iubet
1421 957 1523 1011 (390
1540 958 1627 1012 ss.).
1690 957 1842 1000 Etiam

346 1025 545 1068 Philemo
579 1025 660 1068 hac
691 1026 868 1068 ratione
901 1040 1003 1068 usus
1037 1028 1107 1068 est
1129 1025 1248 1080 (Vide
1278 1026 1516 1082 prologum
1547 1041 1721 1083 quoque
1744 1027 1841 1069 Tri-

345 1095 524 1148 nummi,
573 1095 650 1151 qui
680 1095 736 1137 ad
769 1095 974 1138 Herculis
1008 1109 1211 1138 scaenam
1243 1096 1427 1152 propius
1460 1096 1676 1153 accedit),
1717 1097 1840 1139 cuius

346 1179 502 1207 versus
535 1164 666 1207 Mero.
698 1166 782 1206 272
801 1180 853 1207 ss.
889 1165 1072 1207 eandem
1116 1165 1479 1221 compositionem
1511 1180 1643 1222 quam
1674 1165 1840 1209 Phoen.

346 1233 422 1276 ille
455 1234 578 1277 100113
610 1234 845 1277 exhibent:
879 1234 1174 1290 Lysimachus
1206 1234 1309 1277 dum
1332 1235 1426 1278 exit
1448 1250 1577 1278 servo
1609 1236 1840 1292 negotium

345 1303 567 1360 quoddam
599 1303 699 1358 dat;
748 1304 891 1360 ipsum
938 1307 1088 1347 autem
1130 1306 1266 1361 poeta
1291 1304 1471 1348 ‘idcirco
1517 1307 1697 1348 tantum
1740 1321 1840 1363 pro-

346 1372 554 1416 deuntem
600 1373 727 1426 facit,
774 1376 828 1417 ut
873 1389 970 1416 cum
1016 1373 1291 1430 Demiphone
1338 1374 1382 1416 111
1430 1388 1590 1417 scaena
1636 1375 1841 1431 sequenti
1884 1396 1889 1397 ⁷

344 1456 480 1498 agere
512 1443 668 1498 possit.

459 1512 588 1555 Hanc
633 1512 823 1555 formam
869 1513 957 1555 iam
1003 1516 1108 1556 ante
1149 1512 1438 1556 Menandrum
1481 1528 1507 1556 a
1551 1514 1726 1557 comicis
1772 1529 1839 1557 re-

346 1584 520 1638 ceptam
552 1597 648 1625 esse
680 1583 810 1625 unica
841 1583 1011 1625 mediae
1035 1582 1286 1626 comoediae
1309 1583 1464 1626 fabula
1494 1583 1620 1626 nobis
1653 1586 1840 1627 servata
1884 1615 1889 1624 .

344 1652 485 1695 Persa
532 1652 877 1705 demonstratur,
930 1653 977 1694 in
1024 1667 1111 1709 qua
1157 1652 1300 1696 tribus
1347 1653 1552 1710 deinceps
1599 1653 1875 1696 adhibetur‘

345 1723 534 1765 scaenis:

461 1792 516 1834 In
548 1807 589 1834 v.
625 1792 707 1834 168
739 1791 1073 1848 Sophoclidisca
1104 1792 1225 1834 iussa
1255 1792 1461 1834 nuntium
1486 1792 1644 1834 Toxilo
1677 1793 1839 1836 afferre
1886 1842 1887 1846 Ἰ

344 1861 391 1903 111
414 1875 615 1904 scaenam
638 1861 753 1916 exit;
788 1861 891 1903 dum
923 1875 977 1903 ex
1009 1861 1191 1904 aedibus
1220 1861 1385 1917 prodit,
1419 1861 1542 1918 loqui
1564 1876 1652 1904 non
1674 1862 1839 1905 desinit
1883 1854 1889 1859 ⁶

344 1945 439 1972 cum
464 1930 833 1984 Lemniselenide‚
867 1945 980 1987 quae
1002 1932 1048 1973 in
1070 1931 1240 1974 foribus
1273 1930 1549 1988 conspicitur
1564 1930 1608 1987 2).
1669 1931 1838 1975 Eodem

342 2000 470 2043 modo
502 2000 549 2042 in
581 2016 621 2043 v.
648 2000 729 2042 183
763 2000 948 2043 Toxilus
983 2015 1161 2043 servum
1194 2000 1438 2057 Paegnium
1469 2000 1676 2044 nuntium
1707 2000 1836 2044 Lem-

440 2130 474 2166 1)
501 2127 639 2162 Eadem
664 2128 805 2162 ratione
832 2133 911 2162 erat
929 2133 1177 2172 comparatum
1196 2129 1405 2172 Iphigeniae
1423 2128 1613 2163 Ennianae
1640 2129 1837 2173 exordium,

343 2186 387 2220 cf,
416 2187 461 2221 fr.
491 2188 504 2220 Ι
532 2198 565 2231 p.
593 2190 649 2222 43.
676 2187 781 2221 Ribb.

437 2248 472 2291 2)
500 2247 589 2281 Eius
616 2257 745 2280 nomen
772 2247 808 2280 in
834 2247 940 2281 titulo
969 2257 1122 2282 scaenae
1148 2247 1292 2291 legitur,
1327 2252 1363 2281 et
1388 2257 1513 2281 versus
1544 2249 1637 2281 179a
1663 2252 1750 2282 nota
1776 2248 1835 2283 So.

342 2305 374 2338 ei
401 2305 635 2349 attribuitur3
662 2306 872 2349 aptissimus
900 2311 954 2340 est
980 2316 1115 2342 versus.
1146 2307 1280 2350 quippe
1308 2317 1377 2348 quo
1405 2306 1515 2340 verba
1542 2305 1836 2350 Sophoclidiscae

343 2370 481 2407 („amas
509 2365 570 2408 pol
597 2365 769 2407 misera“)
798 2364 984 2399 confirmet
1023 2368 1133 2408 atque
1160 2376 1203 2399 ea
1229 2365 1265 2398 in
1291 2375 1422 2408 genere
1450 2364 1496 2399 ad
1523 2375 1645 2399 omnes
1673 2370 1835 2401 amantes

342 2424 524 2465 pertinere
551 2423 696 2457 adiciat.
748 2425 876 2467 Itaque
903 2425 1110 2468 perspicere
1140 2434 1292 2468 nequeo,
1320 2423 1404 2467 quid
1427 2424 1614 2468 Ussingius
1643 2425 1712 2459 sibi
1737 2425 1835 2469 velit,

342 2482 402 2523 qui
429 2492 507 2515 cum
533 2482 676 2517 litteras
705 2482 763 2518 So.
791 2493 916 2517 errore
944 2494 987 2518 ex
1014 2484 1197 2527 particula
1227 2482 1334 2527 „sed“
1362 2488 1468 2517 natas
1507 2493 1586 2518 esse
1623 2484 1834 2528 arbitretur,
1887 2504 1889 2506 -

342 2550 433 2582 quae
461 2551 539 2574 cum
565 2548 679 2575 metro
707 2553 777 2576 non
806 2543 982 2583 concinat,
1011 2547 1125 2577 totam
1145 2542 1361 2577 sententiam
1388 2542 1489 2576 uncis
1517 2542 1688 2588 includit3
1717 2554 1834 2586 neque

340 2599 523 2643 intellego,
558 2612 620 2634 rur
648 2601 851 2647 Lindsayus
889 2607 1017 2636 contra
1050 2602 1258 2636 memoriam
1285 2602 1374 2636 haec
1401 2602 1511 2636 verba
1539 2602 1834 2646 Sophoclidiseae

340 2657 532 2692 adiudicet.
584 2659 676 2694 Nam
703 2661 827 2703 utique
854 2661 1035 2696 sententia
1062 2660 1344 2696 Lemniselenidi
1370 2672 1442 2695 non
1468 2661 1628 2705 ineptius
1656 2662 1833 2706 convenit,
1887 2662 1889 2665 ’

340 2727 447 2761 quam
475 2718 629 2753 Charino
668 2720 780 2753 Mero.
809 2722 941 2763 355s56
981 2721 1035 2755 vel
1073 2720 1202 2755 Toxilo
1242 2720 1373 2755 similia
1413 2721 1525 2755 verba
1551 2733 1582 2755 v,
1614 2724 1692 2755 lss.
1720 2720 1833 2755 Simul

339 2776 449 2819 igitur
476 2788 553 2811 cum
581 2778 851 2822 Sophoclidisca
880 2780 1203 2815 Lemniselenidem
1230 2780 1328 2814 exire
1354 2780 1391 2814 in
1417 2772 1710 2824 scaenamputo,
1748 2779 1833 2815 dum

341 2846 417 2870 ean]
445 2836 489 2870 ad
517 2837 683 2871 Toxilum
710 2838 831 2872 mittit.
