<?xml version="1.0" encoding="UTF-8"?>
<!DOCTYPE html PUBLIC "-//W3C//DTD XHTML 1.0 Transitional//EN"
    "http://www.w3.org/TR/xhtml1/DTD/xhtml1-transitional.dtd">
<html xmlns="http://www.w3.org/1999/xhtml" xml:lang="en" lang="en">
 <head>
  <title>
</title>
<meta http-equiv="Content-Type" content="text/html;charset=utf-8" />
  <meta name='ocr-system' content='tesseract 3.04.00' />
  <meta name='ocr-capabilities' content='ocr_page ocr_carea ocr_par ocr_line ocrx_word'/>
</head>
<body>
  <div class='ocr_page' id='page_1' title='image "./deintroituperson00harmuoft_0042.png"; bbox 0 0 1889 3284; ppageno 0'>
   <div class='ocr_carea' id='block_1_1' title="bbox 995 174 1052 215">
    <p class='ocr_par' dir='ltr' id='par_1_1' title="bbox 995 174 1052 215">
     <span class='ocr_line' id='line_1_1' title="bbox 995 174 1052 215; baseline 0 0"><span class='ocrx_word' id='word_1_1' title='bbox 995 174 1052 215; x_wconf 83' lang='lat'>40</span> 
     </span>
    </p>
   </div>
   <div class='ocr_carea' id='block_1_2' title="bbox 282 288 1832 2855">
    <p class='ocr_par' dir='ltr' id='par_1_2' title="bbox 282 288 1832 485">
     <span class='ocr_line' id='line_1_2' title="bbox 282 288 1770 347; baseline 0 -15"><span class='ocrx_word' id='word_1_2' title='bbox 282 290 327 332; x_wconf 89' lang='lat' dir='ltr'>in</span> <span class='ocrx_word' id='word_1_3' title='bbox 359 288 719 332; x_wconf 74' lang='lat' dir='ltr'>consuetudinem</span> <span class='ocrx_word' id='word_1_4' title='bbox 741 289 865 331; x_wconf 88' lang='lat' dir='ltr'>abiit.</span> <span class='ocrx_word' id='word_1_5' title='bbox 900 289 957 331; x_wconf 89' lang='lat' dir='ltr'>ad</span> <span class='ocrx_word' id='word_1_6' title='bbox 979 289 1225 346; x_wconf 83' lang='lat' dir='ltr'>exemplum</span> <span class='ocrx_word' id='word_1_7' title='bbox 1257 290 1467 347; x_wconf 82' lang='lat' dir='ltr'>colloquii</span> <span class='ocrx_word' id='word_1_8' title='bbox 1499 290 1661 333; x_wconf 77' lang='lat' dir='ltr'>secreti</span> <span class='ocrx_word' id='word_1_9' title='bbox 1690 290 1770 333; x_wconf 89' lang='lat' dir='ltr'>has</span> 
     </span>
     <span class='ocr_line' id='line_1_3' title="bbox 284 357 1832 414; baseline 0 -12"><span class='ocrx_word' id='word_1_10' title='bbox 284 373 461 402; x_wconf 89' lang='lat' dir='ltr'>scaenas</span> <span class='ocrx_word' id='word_1_11' title='bbox 509 357 811 400; x_wconf 81' lang='lat' dir='ltr'>conformasse</span> <span class='ocrx_word' id='word_1_12' title='bbox 855 361 979 414; x_wconf 69' lang='lat' dir='ltr'>puto,</span> <span class='ocrx_word' id='word_1_13' title='bbox 1029 358 1146 414; x_wconf 90' lang='lat' dir='ltr'>quod</span> <span class='ocrx_word' id='word_1_14' title='bbox 1190 359 1258 402; x_wconf 87' lang='lat' dir='ltr'>ita</span> <span class='ocrx_word' id='word_1_15' title='bbox 1303 359 1526 402; x_wconf 86' lang='lat' dir='ltr'>commode</span> <span class='ocrx_word' id='word_1_16' title='bbox 1565 362 1610 402; x_wconf 88' lang='lat' dir='ltr'>et</span> <span class='ocrx_word' id='word_1_17' title='bbox 1639 358 1773 402; x_wconf 80' lang='lat' dir='ltr'>facile</span> <span class='ocrx_word' id='word_1_18' title='bbox 1830 374 1832 377; x_wconf 86' lang='lat'>·</span> 
     </span>
     <span class='ocr_line' id='line_1_4' title="bbox 283 427 1770 485; baseline -0.001 -14"><span class='ocrx_word' id='word_1_19' title='bbox 283 428 496 471; x_wconf 73' lang='lat' dir='ltr'>diverbia.</span> <span class='ocrx_word' id='word_1_20' title='bbox 530 441 640 483; x_wconf 87' lang='lat' dir='ltr'>quae</span> <span class='ocrx_word' id='word_1_21' title='bbox 664 427 814 470; x_wconf 86' lang='lat' dir='ltr'>omitti</span> <span class='ocrx_word' id='word_1_22' title='bbox 835 442 921 469; x_wconf 90' lang='lat' dir='ltr'>non</span> <span class='ocrx_word' id='word_1_23' title='bbox 946 427 1179 481; x_wconf 76' lang='lat' dir='ltr'>debebant,</span> <span class='ocrx_word' id='word_1_24' title='bbox 1202 428 1248 470; x_wconf 90' lang='lat' dir='ltr'>in</span> <span class='ocrx_word' id='word_1_25' title='bbox 1271 443 1429 472; x_wconf 81' lang='lat' dir='ltr'>scaena</span> <span class='ocrx_word' id='word_1_26' title='bbox 1451 429 1526 485; x_wconf 90' lang='lat' dir='ltr'>agi</span> <span class='ocrx_word' id='word_1_27' title='bbox 1547 430 1770 485; x_wconf 89' lang='lat' dir='ltr'>poterant.</span> 
     </span>
    </p>

    <p class='ocr_par' dir='ltr' id='par_1_3' title="bbox 282 496 1776 1167">
     <span class='ocr_line' id='line_1_5' title="bbox 398 496 1773 553; baseline 0.001 -15"><span class='ocrx_word' id='word_1_28' title='bbox 398 498 476 549; x_wconf 75' lang='lat' dir='ltr'>Eo,</span> <span class='ocrx_word' id='word_1_29' title='bbox 524 496 642 553; x_wconf 91' lang='lat' dir='ltr'>quod</span> <span class='ocrx_word' id='word_1_30' title='bbox 686 496 769 538; x_wconf 89' lang='lat' dir='ltr'>hae</span> <span class='ocrx_word' id='word_1_31' title='bbox 817 511 1002 539; x_wconf 85' lang='lat' dir='ltr'>scaenae</span> <span class='ocrx_word' id='word_1_32' title='bbox 1047 512 1136 540; x_wconf 92' lang='lat' dir='ltr'>non</span> <span class='ocrx_word' id='word_1_33' title='bbox 1176 497 1264 540; x_wconf 87' lang='lat' dir='ltr'>iam</span> <span class='ocrx_word' id='word_1_34' title='bbox 1304 498 1490 541; x_wconf 83' lang='lat' dir='ltr'>exordia</span> <span class='ocrx_word' id='word_1_35' title='bbox 1520 497 1773 541; x_wconf 86' lang='lat' dir='ltr'>fabularum</span> 
     </span>
     <span class='ocr_line' id='line_1_6' title="bbox 285 566 1771 624; baseline 0 -14"><span class='ocrx_word' id='word_1_36' title='bbox 285 569 427 616; x_wconf 85' lang='lat' dir='ltr'>erant,</span> <span class='ocrx_word' id='word_1_37' title='bbox 463 566 608 622; x_wconf 89' lang='lat' dir='ltr'>poetis</span> <span class='ocrx_word' id='word_1_38' title='bbox 632 566 933 621; x_wconf 88' lang='lat' dir='ltr'>contingebat,</span> <span class='ocrx_word' id='word_1_39' title='bbox 958 568 1009 608; x_wconf 87' lang='lat' dir='ltr'>ut</span> <span class='ocrx_word' id='word_1_40' title='bbox 1030 581 1118 608; x_wconf 90' lang='lat' dir='ltr'>non</span> <span class='ocrx_word' id='word_1_41' title='bbox 1139 566 1227 609; x_wconf 88' lang='lat' dir='ltr'>iam</span> <span class='ocrx_word' id='word_1_42' title='bbox 1250 581 1323 609; x_wconf 89' lang='lat' dir='ltr'>eas</span> <span class='ocrx_word' id='word_1_43' title='bbox 1346 570 1524 610; x_wconf 89' lang='lat' dir='ltr'>tantum</span> <span class='ocrx_word' id='word_1_44' title='bbox 1544 582 1771 624; x_wconf 85' lang='lat' dir='ltr'>personas,</span> 
     </span>
     <span class='ocr_line' id='line_1_7' title="bbox 284 635 1773 693; baseline 0 -14"><span class='ocrx_word' id='word_1_45' title='bbox 284 651 394 693; x_wconf 84' lang='lat' dir='ltr'>quae</span> <span class='ocrx_word' id='word_1_46' title='bbox 417 636 462 677; x_wconf 90' lang='lat' dir='ltr'>in</span> <span class='ocrx_word' id='word_1_47' title='bbox 486 635 637 678; x_wconf 86' lang='lat' dir='ltr'>eadem</span> <span class='ocrx_word' id='word_1_48' title='bbox 658 635 784 678; x_wconf 91' lang='lat' dir='ltr'>domo</span> <span class='ocrx_word' id='word_1_49' title='bbox 808 636 1086 689; x_wconf 72' lang='lat' dir='ltr'>habitabant,</span> <span class='ocrx_word' id='word_1_50' title='bbox 1113 636 1190 679; x_wconf 92' lang='lat' dir='ltr'>sed</span> <span class='ocrx_word' id='word_1_51' title='bbox 1212 636 1346 679; x_wconf 86' lang='lat' dir='ltr'>etiam</span> <span class='ocrx_word' id='word_1_52' title='bbox 1367 637 1536 680; x_wconf 87' lang='lat' dir='ltr'>alienas</span> <span class='ocrx_word' id='word_1_53' title='bbox 1558 651 1773 693; x_wconf 83' lang='lat' dir='ltr'>personas</span> 
     </span>
     <span class='ocr_line' id='line_1_8' title="bbox 283 702 1774 763; baseline 0.001 -15"><span class='ocrx_word' id='word_1_54' title='bbox 283 707 431 748; x_wconf 78' lang='lat' dir='ltr'>facere</span> <span class='ocrx_word' id='word_1_55' title='bbox 464 708 646 761; x_wconf 86' lang='lat' dir='ltr'>possent</span> <span class='ocrx_word' id='word_1_56' title='bbox 668 705 985 761; x_wconf 86' lang='lat' dir='ltr'>colloquentes.</span> <span class='ocrx_word' id='word_1_57' title='bbox 1049 705 1170 758; x_wconf 76' lang='lat' dir='ltr'>Quas</span> <span class='ocrx_word' id='word_1_58' title='bbox 1202 706 1248 748; x_wconf 92' lang='lat' dir='ltr'>in</span> <span class='ocrx_word' id='word_1_59' title='bbox 1281 720 1439 749; x_wconf 84' lang='lat' dir='ltr'>scaena</span> <span class='ocrx_word' id='word_1_60' title='bbox 1469 707 1620 763; x_wconf 88' lang='lat' dir='ltr'>aliqua</span> <span class='ocrx_word' id='word_1_61' title='bbox 1650 702 1774 750; x_wconf 87' lang='lat' dir='ltr'>ante-</span> 
     </span>
     <span class='ocr_line' id='line_1_9' title="bbox 283 774 1773 831; baseline 0.001 -14"><span class='ocrx_word' id='word_1_62' title='bbox 283 775 458 818; x_wconf 87' lang='lat' dir='ltr'>cedenti</span> <span class='ocrx_word' id='word_1_63' title='bbox 489 775 535 816; x_wconf 89' lang='lat' dir='ltr'>in</span> <span class='ocrx_word' id='word_1_64' title='bbox 567 774 711 827; x_wconf 89' lang='lat' dir='ltr'>aedes,</span> <span class='ocrx_word' id='word_1_65' title='bbox 745 774 860 817; x_wconf 90' lang='lat' dir='ltr'>unde</span> <span class='ocrx_word' id='word_1_66' title='bbox 892 777 1051 831; x_wconf 90' lang='lat' dir='ltr'>postea</span> <span class='ocrx_word' id='word_1_67' title='bbox 1081 775 1418 831; x_wconf 82' lang='lat' dir='ltr'>egrederentur,</span> <span class='ocrx_word' id='word_1_68' title='bbox 1451 776 1613 819; x_wconf 91' lang='lat' dir='ltr'>ducere</span> <span class='ocrx_word' id='word_1_69' title='bbox 1645 776 1773 819; x_wconf 88' lang='lat' dir='ltr'>debe—</span> 
     </span>
     <span class='ocr_line' id='line_1_10' title="bbox 284 844 1775 901; baseline 0.001 -14"><span class='ocrx_word' id='word_1_70' title='bbox 284 847 404 887; x_wconf 90' lang='lat' dir='ltr'>bant.</span> <span class='ocrx_word' id='word_1_71' title='bbox 469 844 542 887; x_wconf 87' lang='lat' dir='ltr'>Ita</span> <span class='ocrx_word' id='word_1_72' title='bbox 574 844 620 886; x_wconf 89' lang='lat' dir='ltr'>in</span> <span class='ocrx_word' id='word_1_73' title='bbox 650 844 827 887; x_wconf 88' lang='lat' dir='ltr'>Andria</span> <span class='ocrx_word' id='word_1_74' title='bbox 860 844 1073 888; x_wconf 86' lang='lat' dir='ltr'>Chremes</span> <span class='ocrx_word' id='word_1_75' title='bbox 1106 848 1343 901; x_wconf 86' lang='lat' dir='ltr'>postquam</span> <span class='ocrx_word' id='word_1_76' title='bbox 1374 861 1414 887; x_wconf 83' lang='lat' dir='ltr'>v.</span> <span class='ocrx_word' id='word_1_77' title='bbox 1441 846 1523 888; x_wconf 82' lang='grc'>789</span> <span class='ocrx_word' id='word_1_78' title='bbox 1555 845 1775 889; x_wconf 82' lang='lat' dir='ltr'>Simonem</span> 
     </span>
     <span class='ocr_line' id='line_1_11' title="bbox 282 913 1776 967; baseline 0.001 -11"><span class='ocrx_word' id='word_1_79' title='bbox 282 914 460 956; x_wconf 72' lang='lat' dir='ltr'>visurus</span> <span class='ocrx_word' id='word_1_80' title='bbox 506 914 625 956; x_wconf 88' lang='lat' dir='ltr'>intro</span> <span class='ocrx_word' id='word_1_81' title='bbox 670 913 736 965; x_wconf 91' lang='lat' dir='ltr'>iit,</span> <span class='ocrx_word' id='word_1_82' title='bbox 781 914 827 956; x_wconf 87' lang='lat' dir='ltr'>in</span> <span class='ocrx_word' id='word_1_83' title='bbox 859 930 899 956; x_wconf 91' lang='lat' dir='ltr'>v.</span> <span class='ocrx_word' id='word_1_84' title='bbox 932 915 1018 956; x_wconf 76' lang='grc'>820</span> <span class='ocrx_word' id='word_1_85' title='bbox 1058 929 1146 967; x_wconf 86' lang='lat' dir='ltr'>una</span> <span class='ocrx_word' id='word_1_86' title='bbox 1186 930 1281 957; x_wconf 90' lang='lat' dir='ltr'>cum</span> <span class='ocrx_word' id='word_1_87' title='bbox 1314 914 1490 958; x_wconf 85' lang='lat' dir='ltr'>Simone</span> <span class='ocrx_word' id='word_1_88' title='bbox 1528 915 1576 957; x_wconf 88' lang='lat' dir='ltr'>in</span> <span class='ocrx_word' id='word_1_89' title='bbox 1617 929 1776 958; x_wconf 85' lang='lat' dir='ltr'>scaena</span> 
     </span>
     <span class='ocr_line' id='line_1_12' title="bbox 285 983 1776 1040; baseline 0.002 -15"><span class='ocrx_word' id='word_1_90' title='bbox 285 983 567 1040; x_wconf 78' lang='lat' dir='ltr'>conspicitur,</span> <span class='ocrx_word' id='word_1_91' title='bbox 602 986 649 1026; x_wconf 91' lang='lat' dir='ltr'>et</span> <span class='ocrx_word' id='word_1_92' title='bbox 681 984 725 1025; x_wconf 91' lang='lat' dir='ltr'>in</span> <span class='ocrx_word' id='word_1_93' title='bbox 757 984 1015 1027; x_wconf 85' lang='lat' dir='ltr'>Trinummo</span> <span class='ocrx_word' id='word_1_94' title='bbox 1050 984 1270 1037; x_wconf 87' lang='lat' dir='ltr'>Callicles,</span> <span class='ocrx_word' id='word_1_95' title='bbox 1316 985 1392 1040; x_wconf 88' lang='lat' dir='ltr'>qui</span> <span class='ocrx_word' id='word_1_96' title='bbox 1422 1001 1462 1026; x_wconf 85' lang='lat' dir='ltr'>v.</span> <span class='ocrx_word' id='word_1_97' title='bbox 1497 985 1581 1027; x_wconf 82' lang='lat'>614</span> <span class='ocrx_word' id='word_1_98' title='bbox 1609 985 1656 1027; x_wconf 89' lang='lat' dir='ltr'>in</span> <span class='ocrx_word' id='word_1_99' title='bbox 1688 985 1776 1028; x_wconf 89' lang='lat' dir='ltr'>Me-</span> 
     </span>
     <span class='ocr_line' id='line_1_13' title="bbox 283 1053 1774 1109; baseline 0.001 -14"><span class='ocrx_word' id='word_1_100' title='bbox 283 1053 511 1109; x_wconf 82' lang='lat' dir='ltr'>garonidis</span> <span class='ocrx_word' id='word_1_101' title='bbox 544 1053 674 1096; x_wconf 88' lang='lat' dir='ltr'>aedes</span> <span class='ocrx_word' id='word_1_102' title='bbox 708 1053 834 1105; x_wconf 91' lang='lat' dir='ltr'>abiit,</span> <span class='ocrx_word' id='word_1_103' title='bbox 867 1054 915 1095; x_wconf 88' lang='lat' dir='ltr'>in</span> <span class='ocrx_word' id='word_1_104' title='bbox 947 1069 986 1095; x_wconf 87' lang='lat' dir='ltr'>v.</span> <span class='ocrx_word' id='word_1_105' title='bbox 1012 1055 1094 1095; x_wconf 80' lang='grc'>729</span> <span class='ocrx_word' id='word_1_106' title='bbox 1127 1069 1224 1097; x_wconf 89' lang='lat' dir='ltr'>cum</span> <span class='ocrx_word' id='word_1_107' title='bbox 1256 1055 1394 1097; x_wconf 90' lang='lat' dir='ltr'>amico</span> <span class='ocrx_word' id='word_1_108' title='bbox 1425 1055 1474 1096; x_wconf 88' lang='lat' dir='ltr'>in</span> <span class='ocrx_word' id='word_1_109' title='bbox 1504 1069 1661 1098; x_wconf 86' lang='lat' dir='ltr'>scaena</span> <span class='ocrx_word' id='word_1_110' title='bbox 1693 1057 1774 1098; x_wconf 89' lang='lat' dir='ltr'>est.</span> 
     </span>
     <span class='ocr_line' id='line_1_14' title="bbox 287 1123 1440 1167; baseline 0.002 -2"><span class='ocrx_word' id='word_1_111' title='bbox 287 1123 497 1165; x_wconf 88' lang='lat' dir='ltr'>Eiusdem</span> <span class='ocrx_word' id='word_1_112' title='bbox 529 1123 797 1166; x_wconf 89' lang='lat' dir='ltr'>condicionis</span> <span class='ocrx_word' id='word_1_113' title='bbox 831 1128 902 1166; x_wconf 88' lang='lat' dir='ltr'>est</span> <span class='ocrx_word' id='word_1_114' title='bbox 932 1123 1054 1166; x_wconf 91' lang='lat' dir='ltr'>locus</span> <span class='ocrx_word' id='word_1_115' title='bbox 1087 1123 1234 1166; x_wconf 91' lang='lat' dir='ltr'>Casin.</span> <span class='ocrx_word' id='word_1_116' title='bbox 1267 1140 1308 1166; x_wconf 89' lang='lat' dir='ltr'>v.</span> <span class='ocrx_word' id='word_1_117' title='bbox 1343 1126 1440 1167; x_wconf 82' lang='lat'>515.</span> 
     </span>
    </p>

    <p class='ocr_par' dir='ltr' id='par_1_4' title="bbox 284 1192 1831 2855">
     <span class='ocr_line' id='line_1_15' title="bbox 397 1192 1775 1249; baseline 0.002 -15"><span class='ocrx_word' id='word_1_118' title='bbox 397 1192 480 1235; x_wconf 81' lang='lat' dir='ltr'>His</span> <span class='ocrx_word' id='word_1_119' title='bbox 512 1192 620 1235; x_wconf 91' lang='lat' dir='ltr'>locis</span> <span class='ocrx_word' id='word_1_120' title='bbox 653 1207 715 1243; x_wconf 85' lang='lat' dir='ltr'>ea,</span> <span class='ocrx_word' id='word_1_121' title='bbox 759 1207 871 1249; x_wconf 91' lang='lat' dir='ltr'>quae</span> <span class='ocrx_word' id='word_1_122' title='bbox 902 1193 1128 1236; x_wconf 83' lang='lat' dir='ltr'>Dziatzko</span> <span class='ocrx_word' id='word_1_123' title='bbox 1161 1194 1262 1249; x_wconf 85' lang='lat' dir='ltr'>(Rh.</span> <span class='ocrx_word' id='word_1_124' title='bbox 1295 1194 1406 1236; x_wconf 88' lang='lat' dir='ltr'>Mus.</span> <span class='ocrx_word' id='word_1_125' title='bbox 1441 1195 1565 1246; x_wconf 83' lang='lat'>1900,</span> <span class='ocrx_word' id='word_1_126' title='bbox 1603 1195 1684 1237; x_wconf 81' lang='grc'>108</span> <span class='ocrx_word' id='word_1_127' title='bbox 1699 1196 1775 1249; x_wconf 87' lang='grc'>88.)</span> 
     </span>
     <span class='ocr_line' id='line_1_16' title="bbox 284 1262 1776 1320; baseline 0.002 -16"><span class='ocrx_word' id='word_1_128' title='bbox 284 1262 337 1305; x_wconf 93' lang='lat' dir='ltr'>de</span> <span class='ocrx_word' id='word_1_129' title='bbox 369 1262 546 1318; x_wconf 88' lang='lat' dir='ltr'>Epidici</span> <span class='ocrx_word' id='word_1_130' title='bbox 578 1262 776 1306; x_wconf 80' lang='lat' dir='ltr'>Grraecae</span> <span class='ocrx_word' id='word_1_131' title='bbox 821 1277 979 1306; x_wconf 90' lang='lat' dir='ltr'>scaena</span> <span class='ocrx_word' id='word_1_132' title='bbox 1011 1278 1035 1305; x_wconf 89' lang='lat' dir='ltr'>a</span> <span class='ocrx_word' id='word_1_133' title='bbox 1070 1263 1231 1306; x_wconf 88' lang='lat' dir='ltr'>Plauto</span> <span class='ocrx_word' id='word_1_134' title='bbox 1276 1264 1458 1307; x_wconf 81' lang='lat' dir='ltr'>inducta</span> <span class='ocrx_word' id='word_1_135' title='bbox 1505 1264 1699 1320; x_wconf 88' lang='lat' dir='ltr'>protulit</span> <span class='ocrx_word' id='word_1_136' title='bbox 1729 1266 1776 1307; x_wconf 89' lang='lat' dir='ltr'>et</span> 
     </span>
     <span class='ocr_line' id='line_1_17' title="bbox 285 1332 1775 1390; baseline 0.002 -16"><span class='ocrx_word' id='word_1_137' title='bbox 285 1332 535 1375; x_wconf 84' lang='lat' dir='ltr'>rationibus</span> <span class='ocrx_word' id='word_1_138' title='bbox 569 1348 622 1375; x_wconf 88' lang='lat' dir='ltr'>ex</span> <span class='ocrx_word' id='word_1_139' title='bbox 655 1336 921 1390; x_wconf 88' lang='lat' dir='ltr'>argumento</span> <span class='ocrx_word' id='word_1_140' title='bbox 956 1333 1135 1377; x_wconf 79' lang='lat' dir='ltr'>fabulae</span> <span class='ocrx_word' id='word_1_141' title='bbox 1183 1335 1371 1389; x_wconf 86' lang='lat' dir='ltr'>sumptis</span> <span class='ocrx_word' id='word_1_142' title='bbox 1418 1334 1653 1377; x_wconf 89' lang='lat' dir='ltr'>ostendere</span> <span class='ocrx_word' id='word_1_143' title='bbox 1685 1340 1775 1377; x_wconf 90' lang='lat' dir='ltr'>stu-</span> 
     </span>
     <span class='ocr_line' id='line_1_18' title="bbox 285 1401 1775 1460; baseline 0.001 -16"><span class='ocrx_word' id='word_1_144' title='bbox 285 1401 395 1451; x_wconf 80' lang='lat' dir='ltr'>duit,</span> <span class='ocrx_word' id='word_1_145' title='bbox 429 1402 579 1458; x_wconf 87' lang='lat' dir='ltr'>aliqua</span> <span class='ocrx_word' id='word_1_146' title='bbox 611 1417 665 1445; x_wconf 76' lang='lat' dir='ltr'>ex</span> <span class='ocrx_word' id='word_1_147' title='bbox 696 1405 829 1459; x_wconf 86' lang='lat' dir='ltr'>parte</span> <span class='ocrx_word' id='word_1_148' title='bbox 860 1402 1011 1445; x_wconf 83' lang='lat' dir='ltr'>fulciri</span> <span class='ocrx_word' id='word_1_149' title='bbox 1041 1403 1264 1446; x_wconf 84' lang='lat' dir='ltr'>videntur.</span> <span class='ocrx_word' id='word_1_150' title='bbox 1326 1403 1381 1446; x_wconf 83' lang='lat' dir='ltr'>In</span> <span class='ocrx_word' id='word_1_151' title='bbox 1416 1403 1584 1460; x_wconf 84' lang='lat' dir='ltr'>Epidic.</span> <span class='ocrx_word' id='word_1_152' title='bbox 1618 1419 1658 1446; x_wconf 87' lang='lat' dir='ltr'>v.</span> <span class='ocrx_word' id='word_1_153' title='bbox 1695 1404 1775 1446; x_wconf 84' lang='lat'>166</span> 
     </span>
     <span class='ocr_line' id='line_1_19' title="bbox 284 1471 1775 1529; baseline 0.002 -16"><span class='ocrx_word' id='word_1_154' title='bbox 284 1471 557 1528; x_wconf 88' lang='lat' dir='ltr'>Periphanes</span> <span class='ocrx_word' id='word_1_155' title='bbox 606 1475 740 1529; x_wconf 87' lang='lat' dir='ltr'>atque</span> <span class='ocrx_word' id='word_1_156' title='bbox 772 1473 1022 1529; x_wconf 87' lang='lat' dir='ltr'>Apoecides</span> <span class='ocrx_word' id='word_1_157' title='bbox 1068 1473 1115 1515; x_wconf 87' lang='lat' dir='ltr'>in</span> <span class='ocrx_word' id='word_1_158' title='bbox 1161 1488 1320 1516; x_wconf 88' lang='lat' dir='ltr'>scaena</span> <span class='ocrx_word' id='word_1_159' title='bbox 1366 1476 1611 1517; x_wconf 84' lang='lat' dir='ltr'>versantur</span> <span class='ocrx_word' id='word_1_160' title='bbox 1642 1473 1775 1516; x_wconf 92' lang='lat' dir='ltr'>collo-</span> 
     </span>
     <span class='ocr_line' id='line_1_20' title="bbox 285 1543 1776 1600; baseline 0.002 -17"><span class='ocrx_word' id='word_1_161' title='bbox 285 1544 483 1598; x_wconf 88' lang='lat' dir='ltr'>quentes,</span> <span class='ocrx_word' id='word_1_162' title='bbox 526 1557 669 1598; x_wconf 88' lang='lat' dir='ltr'>neque</span> <span class='ocrx_word' id='word_1_163' title='bbox 701 1557 755 1585; x_wconf 77' lang='lat' dir='ltr'>ex</span> <span class='ocrx_word' id='word_1_164' title='bbox 786 1543 878 1585; x_wconf 88' lang='lat' dir='ltr'>ullo</span> <span class='ocrx_word' id='word_1_165' title='bbox 911 1545 1046 1586; x_wconf 82' lang='lat' dir='ltr'>verbo</span> <span class='ocrx_word' id='word_1_166' title='bbox 1080 1543 1322 1599; x_wconf 80' lang='lat' dir='ltr'>colligitur,</span> <span class='ocrx_word' id='word_1_167' title='bbox 1369 1543 1586 1600; x_wconf 89' lang='lat' dir='ltr'>quomodo</span> <span class='ocrx_word' id='word_1_168' title='bbox 1619 1557 1776 1586; x_wconf 87' lang='lat' dir='ltr'>conve-</span> 
     </span>
     <span class='ocr_line' id='line_1_21' title="bbox 284 1611 1776 1669; baseline 0.002 -16"><span class='ocrx_word' id='word_1_169' title='bbox 284 1612 445 1654; x_wconf 89' lang='lat' dir='ltr'>nerint.</span> <span class='ocrx_word' id='word_1_170' title='bbox 509 1611 597 1654; x_wconf 88' lang='lat' dir='ltr'>Sed</span> <span class='ocrx_word' id='word_1_171' title='bbox 635 1627 732 1654; x_wconf 88' lang='lat' dir='ltr'>cum</span> <span class='ocrx_word' id='word_1_172' title='bbox 773 1613 1042 1669; x_wconf 84' lang='lat' dir='ltr'>cogitaveris</span> <span class='ocrx_word' id='word_1_173' title='bbox 1088 1613 1224 1655; x_wconf 84' lang='lat' dir='ltr'>etiam</span> <span class='ocrx_word' id='word_1_174' title='bbox 1268 1613 1386 1656; x_wconf 92' lang='lat' dir='ltr'>locos</span> <span class='ocrx_word' id='word_1_175' title='bbox 1420 1627 1555 1669; x_wconf 90' lang='lat' dir='ltr'>supra</span> <span class='ocrx_word' id='word_1_176' title='bbox 1587 1613 1776 1666; x_wconf 85' lang='lat' dir='ltr'>adlatos,</span> 
     </span>
     <span class='ocr_line' id='line_1_22' title="bbox 285 1682 1775 1739; baseline 0.001 -15"><span class='ocrx_word' id='word_1_177' title='bbox 285 1682 321 1724; x_wconf 80' lang='lat' dir='ltr'>si</span> <span class='ocrx_word' id='word_1_178' title='bbox 365 1696 549 1725; x_wconf 90' lang='lat' dir='ltr'>scaenae</span> <span class='ocrx_word' id='word_1_179' title='bbox 596 1682 947 1733; x_wconf 83' lang='lat' dir='ltr'>intercidissent,</span> <span class='ocrx_word' id='word_1_180' title='bbox 997 1683 1042 1724; x_wconf 88' lang='lat' dir='ltr'>in</span> <span class='ocrx_word' id='word_1_181' title='bbox 1085 1683 1242 1739; x_wconf 91' lang='lat' dir='ltr'>quibus</span> <span class='ocrx_word' id='word_1_182' title='bbox 1281 1682 1504 1737; x_wconf 81' lang='lat' dir='ltr'>Chremes,</span> <span class='ocrx_word' id='word_1_183' title='bbox 1553 1682 1775 1737; x_wconf 81' lang='lat' dir='ltr'>Callicles,</span> 
     </span>
     <span class='ocr_line' id='line_1_23' title="bbox 284 1752 1778 1809; baseline 0.001 -16"><span class='ocrx_word' id='word_1_184' title='bbox 284 1752 555 1807; x_wconf 64' lang='lat' dir='ltr'>Lysidamus</span> <span class='ocrx_word' id='word_1_185' title='bbox 584 1752 630 1794; x_wconf 91' lang='lat' dir='ltr'>in</span> <span class='ocrx_word' id='word_1_186' title='bbox 652 1753 892 1795; x_wconf 88' lang='lat' dir='ltr'>amicorum</span> <span class='ocrx_word' id='word_1_187' title='bbox 917 1753 1046 1796; x_wconf 88' lang='lat' dir='ltr'>aedes</span> <span class='ocrx_word' id='word_1_188' title='bbox 1070 1753 1190 1796; x_wconf 90' lang='lat' dir='ltr'>intro</span> <span class='ocrx_word' id='word_1_189' title='bbox 1213 1753 1376 1805; x_wconf 88' lang='lat' dir='ltr'>ierunt,</span> <span class='ocrx_word' id='word_1_190' title='bbox 1411 1753 1778 1809; x_wconf 88' lang='lat' dir='ltr'>interpretationi</span> 
     </span>
     <span class='ocr_line' id='line_1_24' title="bbox 286 1821 1778 1879; baseline 0.001 -16"><span class='ocrx_word' id='word_1_191' title='bbox 286 1821 580 1865; x_wconf 83' lang='lat' dir='ltr'>difficultates</span> <span class='ocrx_word' id='word_1_192' title='bbox 605 1822 838 1866; x_wconf 83' lang='lat' dir='ltr'>adlaturos</span> <span class='ocrx_word' id='word_1_193' title='bbox 861 1822 1013 1875; x_wconf 86' lang='lat' dir='ltr'>fuisse,</span> <span class='ocrx_word' id='word_1_194' title='bbox 1046 1838 1135 1865; x_wconf 91' lang='lat' dir='ltr'>non</span> <span class='ocrx_word' id='word_1_195' title='bbox 1155 1823 1341 1878; x_wconf 87' lang='lat' dir='ltr'>negabis</span> <span class='ocrx_word' id='word_1_196' title='bbox 1366 1822 1661 1866; x_wconf 85' lang='lat' dir='ltr'>Dziatzkonis</span> <span class='ocrx_word' id='word_1_197' title='bbox 1685 1823 1778 1879; x_wconf 90' lang='lat' dir='ltr'>opi-</span> 
     </span>
     <span class='ocr_line' id='line_1_25' title="bbox 285 1892 1778 1949; baseline 0.001 -16"><span class='ocrx_word' id='word_1_198' title='bbox 285 1892 419 1942; x_wconf 82' lang='lat' dir='ltr'>nioni,</span> <span class='ocrx_word' id='word_1_199' title='bbox 453 1892 528 1948; x_wconf 91' lang='lat' dir='ltr'>qui</span> <span class='ocrx_word' id='word_1_200' title='bbox 561 1892 857 1949; x_wconf 85' lang='lat' dir='ltr'>Periphanem</span> <span class='ocrx_word' id='word_1_201' title='bbox 889 1907 1093 1935; x_wconf 90' lang='lat' dir='ltr'>sermone</span> <span class='ocrx_word' id='word_1_202' title='bbox 1113 1892 1328 1936; x_wconf 89' lang='lat' dir='ltr'>Plautina</span> <span class='ocrx_word' id='word_1_203' title='bbox 1358 1893 1607 1936; x_wconf 88' lang='lat' dir='ltr'>mutatione</span> <span class='ocrx_word' id='word_1_204' title='bbox 1638 1893 1778 1936; x_wconf 88' lang='lat' dir='ltr'>inter-</span> 
     </span>
     <span class='ocr_line' id='line_1_26' title="bbox 288 1949 1777 2006; baseline 0.002 -4"><span class='ocrx_word' id='word_1_205' title='bbox 288 1961 377 2003; x_wconf 90' lang='lat' dir='ltr'>ciso</span> <span class='ocrx_word' id='word_1_206' title='bbox 422 1961 508 2004; x_wconf 87' lang='lat' dir='ltr'>iam</span> <span class='ocrx_word' id='word_1_207' title='bbox 553 1964 657 2004; x_wconf 84' lang='lat' dir='ltr'>ante</span> <span class='ocrx_word' id='word_1_208' title='bbox 691 1978 731 2004; x_wconf 72' lang='lat' dir='ltr'>V.</span> <span class='ocrx_word' id='word_1_209' title='bbox 770 1963 848 2004; x_wconf 87' lang='grc'>166</span> <span class='ocrx_word' id='word_1_210' title='bbox 894 1962 1126 2004; x_wconf 90' lang='lat' dir='ltr'>consilium</span> <span class='ocrx_word' id='word_1_211' title='bbox 1175 1978 1301 2005; x_wconf 88' lang='lat' dir='ltr'>suum</span> <span class='ocrx_word' id='word_1_212' title='bbox 1350 1949 1537 2005; x_wconf 75' lang='lat' dir='ltr'>effatum</span> <span class='ocrx_word' id='word_1_213' title='bbox 1566 1963 1613 2005; x_wconf 90' lang='lat' dir='ltr'>in</span> <span class='ocrx_word' id='word_1_214' title='bbox 1645 1962 1777 2006; x_wconf 88' lang='lat' dir='ltr'>aedes</span> 
     </span>
     <span class='ocr_line' id='line_1_27' title="bbox 284 2031 1831 2088; baseline 0.002 -16"><span class='ocrx_word' id='word_1_215' title='bbox 284 2031 524 2087; x_wconf 84' lang='lat' dir='ltr'>Apoecidis</span> <span class='ocrx_word' id='word_1_216' title='bbox 559 2031 695 2074; x_wconf 81' lang='lat' dir='ltr'>vicini</span> <span class='ocrx_word' id='word_1_217' title='bbox 737 2033 883 2075; x_wconf 88' lang='lat' dir='ltr'>abisse</span> <span class='ocrx_word' id='word_1_218' title='bbox 927 2032 1197 2088; x_wconf 89' lang='lat' dir='ltr'>suspicatur,</span> <span class='ocrx_word' id='word_1_219' title='bbox 1245 2032 1435 2088; x_wconf 88' lang='lat' dir='ltr'>speciem</span> <span class='ocrx_word' id='word_1_220' title='bbox 1478 2033 1577 2075; x_wconf 87' lang='lat' dir='ltr'>veri</span> <span class='ocrx_word' id='word_1_221' title='bbox 1619 2032 1776 2075; x_wconf 89' lang='lat' dir='ltr'>inesse.</span> <span class='ocrx_word' id='word_1_222' title='bbox 1828 2048 1831 2050; x_wconf 89' lang='lat'>·</span> 
     </span>
     <span class='ocr_line' id='line_1_28' title="bbox 287 2101 1778 2158; baseline 0.001 -15"><span class='ocrx_word' id='word_1_223' title='bbox 287 2101 373 2143; x_wconf 87' lang='lat' dir='ltr'>Sed</span> <span class='ocrx_word' id='word_1_224' title='bbox 395 2104 558 2154; x_wconf 80' lang='lat' dir='ltr'>tamen,</span> <span class='ocrx_word' id='word_1_225' title='bbox 591 2117 687 2144; x_wconf 90' lang='lat' dir='ltr'>cum</span> <span class='ocrx_word' id='word_1_226' title='bbox 711 2116 774 2155; x_wconf 87' lang='lat' dir='ltr'>ea,</span> <span class='ocrx_word' id='word_1_227' title='bbox 809 2116 922 2158; x_wconf 89' lang='lat' dir='ltr'>quae</span> <span class='ocrx_word' id='word_1_228' title='bbox 946 2102 1215 2158; x_wconf 79' lang='lat' dir='ltr'>expositioni</span> <span class='ocrx_word' id='word_1_229' title='bbox 1236 2102 1416 2145; x_wconf 83' lang='lat' dir='ltr'>fabulae</span> <span class='ocrx_word' id='word_1_230' title='bbox 1439 2102 1612 2156; x_wconf 87' lang='lat' dir='ltr'>desunt,</span> <span class='ocrx_word' id='word_1_231' title='bbox 1640 2102 1778 2145; x_wconf 86' lang='lat' dir='ltr'>etiam</span> 
     </span>
     <span class='ocr_line' id='line_1_29' title="bbox 286 2171 1778 2228; baseline 0.001 -15"><span class='ocrx_word' id='word_1_232' title='bbox 286 2171 331 2212; x_wconf 91' lang='lat' dir='ltr'>in</span> <span class='ocrx_word' id='word_1_233' title='bbox 362 2172 548 2227; x_wconf 85' lang='lat' dir='ltr'>prologo</span> <span class='ocrx_word' id='word_1_234' title='bbox 582 2171 759 2227; x_wconf 88' lang='lat' dir='ltr'>perdito</span> <span class='ocrx_word' id='word_1_235' title='bbox 800 2171 1084 2215; x_wconf 87' lang='lat' dir='ltr'>intercidisse</span> <span class='ocrx_word' id='word_1_236' title='bbox 1127 2172 1303 2228; x_wconf 89' lang='lat' dir='ltr'>possint</span> <span class='ocrx_word' id='word_1_237' title='bbox 1335 2172 1403 2223; x_wconf 89' lang='lat' dir='ltr'>(cf.</span> <span class='ocrx_word' id='word_1_238' title='bbox 1436 2172 1539 2224; x_wconf 90' lang='lat' dir='ltr'>Leo,</span> <span class='ocrx_word' id='word_1_239' title='bbox 1572 2172 1639 2214; x_wconf 89' lang='lat' dir='ltr'>Pl.</span> <span class='ocrx_word' id='word_1_240' title='bbox 1674 2172 1778 2225; x_wconf 70' lang='lat' dir='ltr'>Qu.²</span> 
     </span>
     <span class='ocr_line' id='line_1_30' title="bbox 288 2241 1778 2298; baseline 0.002 -17"><span class='ocrx_word' id='word_1_241' title='bbox 288 2241 402 2292; x_wconf 54' lang='grc'>1991,</span> <span class='ocrx_word' id='word_1_242' title='bbox 434 2241 541 2283; x_wconf 88' lang='lat' dir='ltr'>mihi</span> <span class='ocrx_word' id='word_1_243' title='bbox 565 2241 753 2298; x_wconf 84' lang='lat' dir='ltr'>quidem.</span> <span class='ocrx_word' id='word_1_244' title='bbox 787 2256 891 2283; x_wconf 89' lang='lat' dir='ltr'>num</span> <span class='ocrx_word' id='word_1_245' title='bbox 913 2244 1100 2298; x_wconf 88' lang='lat' dir='ltr'>propter</span> <span class='ocrx_word' id='word_1_246' title='bbox 1123 2256 1382 2284; x_wconf 88' lang='lat' dir='ltr'>scaenarum</span> <span class='ocrx_word' id='word_1_247' title='bbox 1413 2241 1778 2298; x_wconf 89' lang='lat' dir='ltr'>compositionem</span> 
     </span>
     <span class='ocr_line' id='line_1_31' title="bbox 288 2310 1775 2368; baseline 0.001 -16"><span class='ocrx_word' id='word_1_248' title='bbox 288 2310 327 2351; x_wconf 86' lang='lat' dir='ltr'>ei</span> <span class='ocrx_word' id='word_1_249' title='bbox 360 2311 653 2353; x_wconf 86' lang='lat' dir='ltr'>accedendum</span> <span class='ocrx_word' id='word_1_250' title='bbox 685 2311 758 2364; x_wconf 79' lang='lat' dir='ltr'>sit,</span> <span class='ocrx_word' id='word_1_251' title='bbox 791 2327 879 2353; x_wconf 92' lang='lat' dir='ltr'>non</span> <span class='ocrx_word' id='word_1_252' title='bbox 901 2312 1031 2368; x_wconf 87' lang='lat' dir='ltr'>plane</span> <span class='ocrx_word' id='word_1_253' title='bbox 1055 2313 1234 2354; x_wconf 88' lang='lat' dir='ltr'>constat</span> <span class='ocrx_word' id='word_1_254' title='bbox 1257 2311 1434 2354; x_wconf 90' lang='lat' dir='ltr'>collatis</span> <span class='ocrx_word' id='word_1_255' title='bbox 1466 2311 1575 2354; x_wconf 92' lang='lat' dir='ltr'>locis</span> <span class='ocrx_word' id='word_1_256' title='bbox 1596 2311 1775 2354; x_wconf 86' lang='lat' dir='ltr'>Phorm.</span> 
     </span>
     <span class='ocr_line' id='line_1_32' title="bbox 288 2380 1776 2437; baseline 0.002 -16"><span class='ocrx_word' id='word_1_257' title='bbox 288 2380 370 2421; x_wconf 76' lang='grc'>567</span> <span class='ocrx_word' id='word_1_258' title='bbox 390 2395 444 2422; x_wconf 78' lang='lat' dir='ltr'>ss.</span> <span class='ocrx_word' id='word_1_259' title='bbox 480 2384 524 2422; x_wconf 94' lang='lat' dir='ltr'>et</span> <span class='ocrx_word' id='word_1_260' title='bbox 556 2380 721 2436; x_wconf 75' lang='lat' dir='ltr'>Hecyr.</span> <span class='ocrx_word' id='word_1_261' title='bbox 760 2382 841 2423; x_wconf 76' lang='grc'>198</span> <span class='ocrx_word' id='word_1_262' title='bbox 859 2396 915 2424; x_wconf 89' lang='grc'>88.</span> <span class='ocrx_word' id='word_1_263' title='bbox 979 2381 1099 2434; x_wconf 75' lang='lat' dir='ltr'>Quas</span> <span class='ocrx_word' id='word_1_264' title='bbox 1133 2395 1315 2423; x_wconf 88' lang='lat' dir='ltr'>scaenas</span> <span class='ocrx_word' id='word_1_265' title='bbox 1349 2381 1611 2437; x_wconf 88' lang='lat' dir='ltr'>quicumque</span> <span class='ocrx_word' id='word_1_266' title='bbox 1640 2381 1776 2436; x_wconf 87' lang='lat' dir='ltr'>leget,</span> 
     </span>
     <span class='ocr_line' id='line_1_33' title="bbox 288 2449 1776 2507; baseline 0.002 -17"><span class='ocrx_word' id='word_1_267' title='bbox 288 2464 374 2490; x_wconf 92' lang='lat' dir='ltr'>non</span> <span class='ocrx_word' id='word_1_268' title='bbox 407 2449 644 2503; x_wconf 80' lang='lat' dir='ltr'>dubitabit,</span> <span class='ocrx_word' id='word_1_269' title='bbox 679 2451 784 2507; x_wconf 90' lang='lat' dir='ltr'>quin</span> <span class='ocrx_word' id='word_1_270' title='bbox 817 2466 871 2493; x_wconf 84' lang='lat' dir='ltr'>ex</span> <span class='ocrx_word' id='word_1_271' title='bbox 901 2451 1045 2493; x_wconf 79' lang='lat' dir='ltr'>forma</span> <span class='ocrx_word' id='word_1_272' title='bbox 1081 2450 1292 2507; x_wconf 91' lang='lat' dir='ltr'>colloquii</span> <span class='ocrx_word' id='word_1_273' title='bbox 1318 2451 1482 2494; x_wconf 85' lang='lat' dir='ltr'>secreti</span> <span class='ocrx_word' id='word_1_274' title='bbox 1513 2454 1641 2493; x_wconf 89' lang='lat' dir='ltr'>ortae</span> <span class='ocrx_word' id='word_1_275' title='bbox 1673 2451 1776 2493; x_wconf 88' lang='lat' dir='ltr'>sint.</span> 
     </span>
     <span class='ocr_line' id='line_1_34' title="bbox 289 2519 1778 2578; baseline 0.001 -17"><span class='ocrx_word' id='word_1_276' title='bbox 289 2519 376 2561; x_wconf 83' lang='lat' dir='ltr'>Sed</span> <span class='ocrx_word' id='word_1_277' title='bbox 401 2534 453 2561; x_wconf 76' lang='lat' dir='ltr'>ex</span> <span class='ocrx_word' id='word_1_278' title='bbox 476 2521 623 2563; x_wconf 69' lang='lat' dir='ltr'>verbis</span> <span class='ocrx_word' id='word_1_279' title='bbox 656 2521 892 2578; x_wconf 88' lang='lat' dir='ltr'>utriusque</span> <span class='ocrx_word' id='word_1_280' title='bbox 925 2536 1107 2564; x_wconf 90' lang='lat' dir='ltr'>scaenae</span> <span class='ocrx_word' id='word_1_281' title='bbox 1140 2536 1228 2563; x_wconf 89' lang='lat' dir='ltr'>non</span> <span class='ocrx_word' id='word_1_282' title='bbox 1259 2524 1459 2576; x_wconf 85' lang='lat' dir='ltr'>apparet,</span> <span class='ocrx_word' id='word_1_283' title='bbox 1492 2520 1610 2563; x_wconf 92' lang='lat' dir='ltr'>unde</span> <span class='ocrx_word' id='word_1_284' title='bbox 1641 2520 1778 2563; x_wconf 87' lang='lat' dir='ltr'>alter-</span> 
     </span>
     <span class='ocr_line' id='line_1_35' title="bbox 287 2590 1777 2645; baseline 0.002 -16"><span class='ocrx_word' id='word_1_285' title='bbox 287 2591 393 2630; x_wconf 87' lang='lat' dir='ltr'>utra</span> <span class='ocrx_word' id='word_1_286' title='bbox 424 2604 614 2645; x_wconf 87' lang='lat' dir='ltr'>persona</span> <span class='ocrx_word' id='word_1_287' title='bbox 647 2593 740 2633; x_wconf 84' lang='lat' dir='ltr'>tam</span> <span class='ocrx_word' id='word_1_288' title='bbox 774 2591 921 2634; x_wconf 90' lang='lat' dir='ltr'>subito</span> <span class='ocrx_word' id='word_1_289' title='bbox 956 2591 1146 2633; x_wconf 80' lang='lat' dir='ltr'>venerit.</span> <span class='ocrx_word' id='word_1_290' title='bbox 1208 2590 1323 2632; x_wconf 86' lang='lat' dir='ltr'>Nam</span> <span class='ocrx_word' id='word_1_291' title='bbox 1359 2591 1405 2632; x_wconf 89' lang='lat' dir='ltr'>in</span> <span class='ocrx_word' id='word_1_292' title='bbox 1428 2590 1605 2632; x_wconf 86' lang='lat' dir='ltr'>Phorm.</span> <span class='ocrx_word' id='word_1_293' title='bbox 1629 2606 1669 2633; x_wconf 87' lang='lat' dir='ltr'>v.</span> <span class='ocrx_word' id='word_1_294' title='bbox 1693 2591 1777 2633; x_wconf 79' lang='lat'>567</span> 
     </span>
     <span class='ocr_line' id='line_1_36' title="bbox 286 2657 1777 2717; baseline 0.002 -18"><span class='ocrx_word' id='word_1_295' title='bbox 286 2657 504 2714; x_wconf 86' lang='lat' dir='ltr'>Demipho</span> <span class='ocrx_word' id='word_1_296' title='bbox 554 2661 599 2701; x_wconf 85' lang='lat' dir='ltr'>et</span> <span class='ocrx_word' id='word_1_297' title='bbox 648 2659 858 2703; x_wconf 90' lang='lat' dir='ltr'>Chremes</span> <span class='ocrx_word' id='word_1_298' title='bbox 904 2661 950 2702; x_wconf 93' lang='lat' dir='ltr'>in</span> <span class='ocrx_word' id='word_1_299' title='bbox 997 2675 1156 2703; x_wconf 85' lang='lat' dir='ltr'>scaena</span> <span class='ocrx_word' id='word_1_300' title='bbox 1201 2663 1464 2713; x_wconf 70' lang='lat' dir='ltr'>versantur,</span> <span class='ocrx_word' id='word_1_301' title='bbox 1513 2674 1777 2717; x_wconf 87' lang='lat' dir='ltr'>quamquam</span> 
     </span>
     <span class='ocr_line' id='line_1_37' title="bbox 289 2727 1778 2777; baseline 0.002 -8"><span class='ocrx_word' id='word_1_302' title='bbox 289 2727 565 2770; x_wconf 76' lang='lat' dir='ltr'>Chremetem</span> <span class='ocrx_word' id='word_1_303' title='bbox 611 2729 655 2770; x_wconf 92' lang='lat' dir='ltr'>in</span> <span class='ocrx_word' id='word_1_304' title='bbox 704 2730 873 2772; x_wconf 86' lang='lat' dir='ltr'>scaenis</span> <span class='ocrx_word' id='word_1_305' title='bbox 922 2730 1288 2773; x_wconf 87' lang='lat' dir='ltr'>antecedentibus</span> <span class='ocrx_word' id='word_1_306' title='bbox 1322 2730 1486 2772; x_wconf 89' lang='lat' dir='ltr'>Lemno</span> <span class='ocrx_word' id='word_1_307' title='bbox 1518 2730 1778 2777; x_wconf 86' lang='lat' dir='ltr'>redeuntem</span> 
     </span>
     <span class='ocr_line' id='line_1_38' title="bbox 289 2798 1778 2855; baseline 0.003 -16"><span class='ocrx_word' id='word_1_308' title='bbox 289 2813 376 2839; x_wconf 91' lang='lat' dir='ltr'>non</span> <span class='ocrx_word' id='word_1_309' title='bbox 398 2798 601 2850; x_wconf 77' lang='lat' dir='ltr'>vidimus.</span> <span class='ocrx_word' id='word_1_310' title='bbox 637 2801 771 2854; x_wconf 83' lang='lat' dir='ltr'>atque</span> <span class='ocrx_word' id='word_1_311' title='bbox 795 2799 840 2840; x_wconf 89' lang='lat' dir='ltr'>in</span> <span class='ocrx_word' id='word_1_312' title='bbox 861 2799 1030 2855; x_wconf 69' lang='lat' dir='ltr'>Hecyr.</span> <span class='ocrx_word' id='word_1_313' title='bbox 1055 2816 1096 2843; x_wconf 72' lang='lat' dir='ltr'>v.</span> <span class='ocrx_word' id='word_1_314' title='bbox 1122 2800 1204 2842; x_wconf 83' lang='grc'>198</span> <span class='ocrx_word' id='word_1_315' title='bbox 1220 2815 1274 2842; x_wconf 88' lang='grc'>88.</span> <span class='ocrx_word' id='word_1_316' title='bbox 1306 2800 1476 2842; x_wconf 88' lang='lat' dir='ltr'>Laches</span> <span class='ocrx_word' id='word_1_317' title='bbox 1500 2803 1545 2842; x_wconf 90' lang='lat' dir='ltr'>et</span> <span class='ocrx_word' id='word_1_318' title='bbox 1567 2799 1778 2843; x_wconf 86' lang='lat' dir='ltr'>Sostrata</span> 
     </span>
    </p>
   </div>
  </div>
 </body>
</html>
