1889 3284
1025 202 1081 243 64

426 329 715 372 Menandrum
757 344 845 371 non
889 328 1029 371 solum
1070 328 1152 370 hac
1191 343 1319 370 usum
1359 342 1455 370 esse
1497 329 1596 369 arte
1627 326 1798 369 nullum

310 400 396 441 iam
431 401 581 441 exstat
604 390 914 454 argumentum
947 399 1127 453 praeter
1160 411 1362 439 scaenam
1384 396 1654 439 Philemonis
1676 396 1796 438 Trin.

310 469 393 511 ⁴302
409 484 438 509 s.
474 467 684 510 Callicles
708 467 834 517 enim⁷
858 468 1094 522 postquam
1118 469 1431 522 argumentum
1449 465 1659 522 colloquii
1675 453 1798 508 intus

312 537 455 580 habiti
488 537 681 579 relatum
725 539 806 586 est,
852 552 892 578 v.
928 535 1013 578 614
1057 535 1113 577 ad
1147 535 1493 590 „castigatorem
1525 537 1674 578 suum“
1709 535 1800 578 Me-

310 606 569 662 garonidem
601 606 666 647 ire
699 605 950 655 constituit,
994 604 1212 647 Stasimus
1245 606 1405 656 autem,
1449 619 1634 661 quocum
1666 604 1799 647 collo-

312 676 461 731 quium
493 675 695 728 iteravit,
730 675 775 716 in
808 689 966 717 scaena
997 675 1212 716 remanet.

427 814 469 868 b)
503 813 674 855 Deinde
705 815 865 870 poetae
897 826 1040 855 novae
1071 812 1332 863 comoediae⁷
1366 825 1496 867 quam
1519 826 1694 854 causam
1727 826 1800 855 eos

312 899 364 926 ex
396 883 620 926 comoedia
652 883 889 939 sumpsisse
932 897 981 924 re
1023 882 1118 938 ipsa
1161 881 1437 933 ostenditur,
1485 881 1654 924 duobus
1694 881 1802 924 locis

312 968 466 996 servos
490 955 702 995 exeuntes
726 952 910 1005 faciunt,
942 954 992 994 ut
1014 951 1280 994 ambulando
1303 950 1531 1006 crapulam
1552 953 1803 994 amoveant.

310 1023 405 1065 Hac
451 1036 583 1065 causa
613 1021 857 1064 Menander
900 1021 996 1063 loco
1028 1020 1115 1063 Ad.
1150 1021 1232 1063 763
1275 1036 1381 1063 usus
1423 1023 1514 1075 est3
1563 1020 1715 1062 eadem
1758 1020 1805 1063 in

312 1092 557 1148 exemplari
580 1091 791 1134 Pseudoli
813 1091 1052 1146 legebatur
1076 1090 1203 1144 olim3
1236 1104 1339 1132 nam
1361 1092 1412 1132 ut
1433 1105 1548 1132 nunc
1572 1089 1619 1132 in
1639 1089 1804 1132 Plauto

312 1176 471 1204 scaena
504 1161 559 1214 V,
594 1163 617 1203 1
651 1164 817 1213 exstat,
862 1160 1108 1203 Pseudolus
1151 1160 1260 1202 duas
1292 1159 1618 1202 diversissimas
1651 1174 1805 1203 causas

311 1231 580 1288 procedendi
609 1230 808 1287 profert:
852 1230 905 1272 In
937 1246 978 1272 v.
1012 1230 1123 1271 1282
1160 1229 1287 1283 „inde
1320 1230 1401 1271 huc
1434 1229 1534 1281 exii⁷
1576 1229 1806 1285 crapulam

312 1301 415 1343 dum
437 1302 712 1343 amoverem²⁴
751 1300 871 1353 dicit,
907 1299 985 1343 sed
1016 1300 1061 1341 in
1082 1314 1217 1342 versu
1241 1299 1493 1355 insequenti
1524 1313 1568 1341 se
1590 1298 1805 1355 prodisse,

311 1374 362 1413 ut
395 1371 619 1412 dominum
653 1370 705 1413 de
739 1370 918 1412 foedere
941 1372 1158 1420 moneret,
1192 1368 1341 1411 adicit.
1390 1369 1459 1410 Ex
1482 1369 1641 1425 quibus
1664 1367 1806 1411 causis

311 1455 443 1483 unam
485 1441 624 1483 solam
667 1441 906 1496 genuinam
950 1440 1087 1482 fuisse
1129 1441 1341 1496 apparet,
1386 1439 1575 1482 alteram
1606 1437 1808 1481 additam

313 1526 421 1554 esse.
469 1511 531 1553 Et
554 1511 670 1567 quod
692 1512 833 1553 verba
855 1509 1045 1553 Simonis
1079 1510 1187 1550 1241
1207 1524 1260 1551 ss.
1296 1524 1349 1551 ex
1372 1508 1617 1565 exemplari
1634 1507 1807 1551 Graeco

313 1581 549 1637 desumpta
600 1584 756 1637 aperte
810 1579 1054 1623 ostendunt
1102 1578 1324 1622 Simonem
1376 1593 1506 1621 servo
1557 1578 1602 1620 in
1653 1577 1808 1620 fabula

315 1650 491 1693 Graeca
535 1650 656 1692 ultro
703 1665 756 1692 ex
798 1649 981 1692 aedibus
1017 1649 1192 1691 obviam
1233 1649 1333 1700 isse,
1382 1648 1576 1690 alteram
1616 1661 1806 1700 causam,

313 1734 443 1776 quam
468 1719 712 1762 Pseudolus
745 1719 897 1770 adicit,
932 1734 977 1761 se
1001 1719 1224 1762 dominum
1257 1718 1310 1761 de
1332 1718 1515 1760 foedere
1536 1717 1808 1759 moniturum

314 1804 419 1841 esse,
454 1804 481 1832 a
513 1789 676 1832 Plauto
709 1789 932 1845 proficisci
962 1789 1054 1831 Leo
1087 1791 1209 1831 recte
1243 1791 1375 1844 putat
1408 1787 1539 1843 (Abh.
1564 1786 1604 1829 d.
1629 1786 1731 1830 Ges.
1765 1786 1805 1828 d.

313 1859 464 1911 Wiss.,
498 1858 734 1916 phil-hist.
767 1859 843 1901 Kl.
880 1860 915 1911 1,
950 1860 987 1909 7,
1021 1859 1073 1900 41
1109 1858 1291 1914 adnot.).

432 2058 513 2107 Ea,
547 2071 659 2113 quae
692 2071 746 2099 ex
767 2055 1074 2112 Aristophane
1106 2056 1152 2097 in
1184 2070 1344 2098 novam
1372 2054 1638 2097 comoediam
1673 2053 1809 2096 fluxe-

316 2130 436 2178 runt⁷
470 2127 586 2184 quod
620 2126 676 2168 ad
708 2140 863 2169 causas
897 2125 1089 2168 adeundi
1120 2125 1336 2177 attineat,
1369 2139 1452 2181 pro
1484 2122 1714 2179 Euripidis
1744 2122 1810 2164 in-

316 2197 463 2240 ventis
496 2211 523 2239 a
555 2196 730 2239 comicis
762 2196 952 2252 receptis
996 2209 1220 2252 perpauca
1261 2197 1385 2248 sunm
1434 2194 1592 2250 quibus
1637 2207 1810 2249 compa-

315 2267 427 2310 ratis
473 2267 639 2323 optime
684 2266 975 2318 illustratur,
1023 2267 1191 2321 quanta
1238 2264 1357 2320 apud
1403 2266 1560 2320 poetas
1604 2266 1810 2319 posteros

316 2338 456 2380 fuerit
500 2337 774 2379 auctoritate
817 2336 1036 2392 tragicus,
1085 2335 1160 2392 qui
1201 2335 1336 2377 etiam
1375 2334 1422 2376 in
1461 2335 1592 2376 rebus
1623 2332 1809 2375 minutis

317 2407 373 2450 ad
404 2407 595 2449 formam
625 2420 768 2448 novae
801 2405 1052 2448 comoediae
1084 2405 1273 2447 multum
1306 2404 1513 2446 valuerit.
1565 2402 1811 2459 Postquam

318 2478 405 2519 iam
437 2476 620 2532 Agatho
653 2475 868 2532 tragicus,
914 2475 989 2531 qui
1021 2489 1161 2532 prope
1202 2474 1294 2517 eius
1334 2473 1424 2515 fuit
1455 2472 1666 2529 aequalis,
1711 2486 1810 2514 eum

317 2546 521 2588 imitatus
556 2548 636 2599 est,
680 2546 822 2601 magis
867 2545 1096 2601 magisque
1129 2546 1290 2601 poetae
1328 2543 1516 2586 scaenici
1547 2542 1721 2585 fabulas
1753 2540 1811 2583 ad

318 2615 657 2671 tragoediarum
690 2615 1034 2671 Euripidearum
1067 2614 1271 2670 exempla
1309 2613 1577 2656 formabant.
1637 2612 1708 2654 Ex
1738 2626 1809 2653 ra-

318 2686 515 2727 tionibus
561 2688 606 2727 et
651 2684 818 2737 causis,
868 2699 979 2740 quae
1022 2684 1140 2740 apud
1185 2682 1368 2726 comicos
1410 2696 1540 2739 saepe
1580 2681 1808 2737 leguntur,

320 2757 441 2796 certe
473 2755 658 2797 inventa
680 2754 910 2810 Euripidis
937 2756 1042 2796 sunt
1066 2753 1216 2795 aditus
1240 2766 1531 2809 personarum
1555 2753 1634 2793 aut
1657 2750 1810 2793 dolore
1872 2745 1874 2748 ⁵

319 2827 397 2866 aut
430 2824 627 2880 inquiete
659 2823 794 2866 animi
834 2827 913 2866 aut
946 2822 1300 2866 consideratione
1331 2822 1378 2863 in
1411 2835 1616 2864 scaenam
1647 2819 1809 2862 adduc·
1880 2819 1884 2826 ’
