1889 3284
0 723 4 730 ,
0 696 4 709 v
1 679 3 684 ,
0 604 11 662 ,ἔρῃ
0 504 7 592 -wffv--J

0 324 16 379 :rz-

0 380 7 437 ξ

793 255 848 297 59

84 367 289 424 gationes
321 368 447 411 chori
476 368 523 410 in
554 368 724 411 Alcest.
757 385 797 411 v.
823 371 875 411 77
895 385 949 413 ss.
985 372 1094 414 satis
1126 386 1281 415 causae
1313 388 1407 416 esse
1438 377 1567 430 puta-

83 438 206 481 bant.
276 437 427 481 Etiam
469 438 515 479 in
559 438 779 494 prioribus
819 439 1050 496 Euripidis
1093 441 1256 484 fabulis
1301 442 1452 485 eadem
1494 443 1567 485 lex

83 506 222 561 valet,
256 511 301 550 et
332 507 380 549 in
399 507 719 564 Aristophanis
752 508 917 551 fabulis
951 525 1136 566 semper,
1169 526 1246 553 cur
1276 512 1434 554 chorus
1466 527 1565 568 pro-

83 575 202 629 deat,
235 576 412 619 dicitur.
472 576 647 619 Primus
684 577 829 620 tribus
862 578 977 634 quod
1010 580 1261 623 noverimus
1295 581 1401 623 locis
1434 573 1565 623 Euri-

82 645 220 702 pides,
244 645 320 702 qui
341 645 523 688 chorum
545 647 720 689 omnino
743 648 797 689 ab
821 647 994 689 actione
1017 648 1199 691 fabulae
1222 650 1371 701 solvit,
1396 650 1567 692 aditum

82 714 209 758 chori
237 730 327 757 non
358 715 445 757 iam
477 719 683 758 accurate
715 717 908 772 probare
941 731 1073 759 ausus
1107 720 1188 760 est.

199 784 370 827 Chorus
402 785 517 827 enim
539 784 892 838 Phoenissarum,
927 801 1005 828 cur
1031 787 1193 829 Thebis
1228 788 1298 840 sit,
1331 788 1425 844 ipse
1458 788 1567 830 dicit

83 869 126 896 V.
157 854 241 895 202
259 869 314 897 ss.
334 854 377 910 ¹),
426 854 503 897 sed
544 869 632 911 qua
671 870 719 897 re
762 855 960 910 virgines
1006 860 1379 908 commoveantur,
1427 860 1478 899 ut
1521 857 1567 899 in

84 938 286 966 scaenam
319 924 515 977 veniant,
549 938 706 980 parum
735 924 1032 980 intellegitur.

198 993 317 1036 ltem
357 993 403 1035 in
446 993 601 1036 fabula
641 993 832 1036 eiusdem
877 995 1089 1049 temporis
1120 995 1378 1051 Hypsipyle-i
1420 996 1566 1038 aditus

83 1062 206 1105 chori
248 1078 335 1105 non
377 1064 611 1119 probatur,
656 1063 773 1119 quod
807 1063 1059 1119 ‘fragmenti
1100 1080 1240 1121 nuper
1273 1065 1567 1120 Oxyrhynchi

82 1132 252 1188 reperti
286 1134 308 1175 1
342 1132 421 1176 col.
456 1134 481 1173 2
514 1147 667 1175 versus
701 1133 754 1174 15
773 1147 826 1175 ss.
860 1132 1040 1187 docent3
1076 1134 1231 1176 chorus
1265 1135 1379 1176 enim
1400 1134 1565 1191 Hypsi-

82 1201 247 1258 pylam,
280 1216 358 1244 cur
387 1203 492 1244 ante
525 1201 656 1245 aedes
689 1202 761 1255 sit,
794 1202 1059 1257 interrogat,
1094 1204 1187 1259 ipse
1219 1218 1296 1245 cur
1329 1203 1448 1246 adsit
1479 1219 1566 1246 non

82 1271 205 1314 dicit.

199 1341 356 1397 Aequo
387 1340 516 1383 modo
549 1343 686 1397 atque
716 1340 763 1383 in
784 1340 1037 1383 Phoenissis
1061 1341 1218 1383 chorus
1241 1344 1466 1384 tractatus
1499 1344 1567 1384 est

47 1410 52 1416 '
83 1410 130 1452 in
149 1410 247 1467 Iph.
269 1410 390 1464 Aul.‚
422 1410 469 1452 in
495 1410 617 1453 cuius
638 1410 817 1453 fabulae
840 1425 954 1453 vers.
983 1411 1063 1452 164
1078 1426 1130 1453 ss.
1163 1411 1371 1453 mulieres
1396 1411 1566 1453 Chalci-

83 1479 240 1523 denses
263 1495 310 1523 se
332 1479 541 1523 Aulidem
563 1480 748 1533 venisse,
772 1483 823 1522 ut
845 1480 1030 1522 classem
1050 1480 1322 1523 Achivorum
1346 1481 1564 1532 viderent,

82 1549 205 1606 ipsae
233 1549 515 1607 profitentur,
548 1550 625 1593 sed
656 1565 743 1592 non
776 1550 1012 1606 explicant,
1047 1551 1120 1606 qui
1153 1550 1244 1602 fiat,
1279 1553 1328 1591 ut
1360 1551 1439 1592 hoc
1470 1550 1565 1605 ipso

85 1621 191 1676 ante
210 1620 558 1676 Agamemnonis
579 1620 918 1663 tabernaculum
948 1620 1043 1662 loco
1065 1619 1295 1676 prodeant.
1350 1620 1568 1662 Personas

80 1682 235 1732 ‘autem
266 1689 304 1732 si
333 1690 381 1732 in
411 1704 612 1733 scaenam
643 1690 816 1732 inducit
846 1704 1033 1746 peregre
1066 1689 1294 1732 venientes
1336 1692 1481 1744 poeta,
1524 1691 1569 1731 et

84 1773 164 1802 cur
205 1759 252 1802 in
283 1759 396 1802 hanc
437 1761 590 1802 urbem
622 1760 807 1802 veniant
851 1762 897 1802 et
939 1775 1017 1801 cur
1061 1759 1141 1801 hoc
1182 1759 1277 1801 loco
1310 1759 1567 1815 procedant,

84 1831 292 1872 accurate
321 1829 518 1872 indicare
547 1845 637 1873 non
668 1830 880 1885 neglegit.

199 1899 363 1956 Itaque
397 1899 658 1955 Euripidem
687 1899 734 1941 in
766 1899 934 1941 ultimis
973 1913 1078 1955 quas
1110 1897 1373 1954 conscripsit
1404 1896 1567 1939 fabulis

85 1983 262 2012 causam
291 1969 441 2012 aditus
473 1969 597 2012 chori
617 1969 930 2025 neglegentius
952 1968 1223 2011 tractavisse
1256 1968 1301 2008 in
1332 1966 1568 2022 propatulo

85 2041 168 2082 est.
219 2039 356 2096 Apud
377 2039 562 2082 comicos
595 2054 717 2092 vero,
752 2041 965 2095 quantum
996 2053 1075 2080 nos
1109 2038 1281 2087 scimus,
1314 2036 1439 2078 nulla
1469 2035 1569 2077 ade-

20 2156 23 2159 s
84 2108 192 2152 undi
230 2109 318 2152 iam
360 2111 512 2152 exstat
542 2123 696 2162 causa3
741 2123 840 2151 nam
873 2108 1032 2150 chorus
1065 2110 1270 2150 constare
1303 2106 1485 2149 videtur
1516 2120 1569 2147 ex

84 2193 225 2235 grege
266 2179 476 2222 iuvenum
516 2184 739 2235 potorum,
789 2177 861 2234 qui
904 2180 1074 2219 temere
1118 2178 1339 2230 vagantes
1380 2189 1482 2217 casu
1524 2174 1570 2215 in

85 2263 287 2292 scaenam
328 2249 509 2292 irruunt
555 2248 626 2304 (cf.
668 2247 873 2290 Alexidis
918 2247 973 2288 fr.
1009 2246 1113 2298 107,
1162 2245 1457 2288 Circumtons.
1499 2245 1568 2295 71,

85 2319 243 2375 fragm.
267 2318 520 2362 Jernstedt.
552 2334 593 2361 v.
618 2318 701 2373 34),
733 2317 779 2359 id
811 2320 901 2359 est:
934 2315 1088 2358 comici
1120 2314 1319 2357 rationes
1343 2312 1570 2369 Euripidis

87 2390 134 2432 et
165 2403 326 2441 eorum,
368 2388 445 2445 qui
476 2403 572 2431 eum
606 2387 747 2430 secuti
778 2388 893 2439 sunt,
934 2385 1102 2427 imitati
1133 2384 1311 2426 chorum
1344 2382 1417 2425 vel
1447 2381 1568 2424 nullo

208 2525 243 2567 1)
268 2523 513 2558 Weckleinius
554 2521 601 2557 ad
628 2522 721 2555 hunc
746 2531 888 2555 versum
914 2518 1084 2553 adnotat:
1141 2518 1235 2559 „Der
1262 2517 1357 2550 Chor
1391 2515 1571 2550 motiviert

86 2582 164 2618 sein
189 2582 395 2625 Austreten,
420 2581 539 2617 indem
567 2581 624 2615 die
642 2578 881 2623 Jungfrauen,
908 2578 969 2611 fiir
994 2577 1063 2611 den
1087 2575 1357 2619 Tempeldienst
1383 2575 1418 2609 in
1438 2575 1571 2618 Delphi

85 2645 193 2676 unter
227 2640 297 2676 den
335 2642 528 2676 schonsten
564 2639 792 2683 Jungfrauen
828 2638 889 2671 des
925 2636 1068 2670 Laudes
1106 2635 1333 2670 auserlesen.
1372 2634 1570 2676 bericfflen,

86 2701 153 2735 wie
179 2701 231 2736 sie
257 2700 323 2735 auf
347 2698 426 2734 dem
444 2700 560 2743 Wege
586 2699 677 2733 nach
706 2697 837 2741 Delphi
862 2698 897 2729 in
924 2695 988 2730 das
1016 2692 1352 2729 stammverwandte
1378 2692 1482 2726 Land
1508 2692 1571 2726 der

87 2760 267 2795 Kadmeer
302 2759 511 2802 gekommen
547 2757 662 2792 sind“.
714 2760 762 2790 At
788 2768 817 2789 v.
845 2755 877 2788 d.
905 2765 1032 2799 parum
1058 2753 1245 2797 perspexit
1280 2752 1332 2785 ita
1369 2751 1405 2785 id
1444 2751 1570 2793 solum,

88 2819 185 2864 quod
210 2819 340 2853 chorus
366 2818 438 2852 iam
464 2818 603 2861 aliquot
629 2816 704 2850 dies
728 2815 861 2849 Thebis
888 2818 953 2855 est,
982 2812 1167 2856 explicari,
1192 2822 1263 2846 non
1291 2810 1387 2854 quod
1412 2811 1448 2844 in
1475 2820 1570 2844 scae-

86 2890 170 2914 nam
193 2877 407 2923 ingreditur.
