1889 3284
975 171 1030 212 50

501 286 617 332 δείξει
651 285 693 325 δὲ
723 285 789 326 καὶ
825 286 902 326 σοί·
935 288 1092 340 κλῇθρα
1123 285 1197 340 γὰρ
1230 288 1362 326 πυλῶν
1395 286 1489 327 τάδε

497 355 705 408 ὃιοίγεται·
744 355 875 409 θέαμα
908 356 1098 411 ὃέἰσόψει
1130 354 1234 410 τάχα

495 428 667 465 τοιοῦτον
701 423 779 464 οἷον
812 423 875 464 καὶ
913 427 1104 476 3τυγοῦντ’
1137 425 1366 466 ἐποικτίσαι.

377 494 493 546 Quin
533 494 668 536 etiam
701 494 767 536 bis
802 493 944 536 eidem
977 493 1157 536 fabulae
1190 493 1429 550 Sophocles
1462 493 1574 536 hanc
1607 495 1750 537 artem

260 563 453 615 adhibet⁷
478 563 554 619 qui
575 563 620 605 in
643 562 799 605 Trach.
819 562 962 619 primo
985 562 1190 605 nuntium
1214 563 1334 617 (180)
1355 563 1750 619 praenuntiantem

260 632 431 674 inducit
462 632 645 674 Licham
678 631 809 688 (199),
852 632 928 688 qui
958 647 1060 674 mox
1092 634 1149 687 (V.
1183 632 1283 687 229)
1315 647 1412 675 cum
1444 632 1620 689 agmine
1650 646 1751 688 cap-

259 703 456 744 tivarum
504 701 739 744 mulierum
784 702 829 743 in
882 716 1083 745 scaenam
1135 701 1300 755 veniet,
1355 703 1509 758 postea
1557 703 1615 756 (v.
1649 701 1750 756 734)

260 771 449 827 Hyllum
481 771 592 814 facit
624 786 794 826 agmen,
840 771 958 828 quod
1000 774 1174 828 patrem
1219 771 1415 814 saucium
1455 771 1751 814 adducturum

261 844 328 883 est
360 841 489 896 (971),
522 841 918 898 praenuntiantem
950 840 1082 895 (805).

377 910 614 966 Euripides
647 926 755 953 vero
787 910 870 953 hac
902 913 1003 953 arte
1034 924 1250 967 persaepe
1277 925 1382 953 usus
1408 911 1490 959 est,
1523 909 1640 966 quod
1670 909 1753 953 hac

261 979 416 1022 tabula
449 979 731 1023 illustratur:

753 1179 897 1214 d
952 1110 1221 1212 {praenuntiat
1351 1132 1752 1177 ‘¹

318 1320 531 1363 Androm.
710 1311 712 1340 *
773 1321 885 1363 1070
957 1300 958 1312 ’
1050 1322 1160 1364 1159
1252 1295 1254 1368 ἶ
1440 1321 1552 1362 1166

317 1407 549 1450 Herae-lid..
710 1405 711 1409 ’
802 1407 886 1451 764
1077 1408 1160 1450 666
1253 1384 1254 1453 ζ
1469 1406 1552 1448 626

319 1494 514 1551 supplic.
803 1494 886 1536 350
1078 1496 1160 1538 761
1254 1490 1255 1539 j
1468 1493 1553 1535 794

320 1581 417 1638 Iph.
453 1561 587 1624 Taur.
802 1581 885 1623 266
1079 1583 1163 1623 661
1254 1569 1255 1636 ζ
1468 1580 1553 1621 466

320 1668 515 1711 Electra.
710 1683 712 1722 3
802 1669 884 1710 761
1077 1669 1162 1711 666
1253 1650 1255 1725 g
1469 1666 1554 1709 880

322 1754 480 1797 Phoen.
703 1734 712 1816 J}
775 1755 885 1797 1335
1051 1756 1161 1797 1476
1253 1733 1255 1827 ᾗ
1442 1753 1554 1795 1460

319 1841 478 1884 Bacch.
776 1843 887 1884 1021
1050 1842 1161 1884 1339
1252 1836 1255 1908 ξ
1442 1840 1553 1882 1166

265 2028 475 2070 Omnibus
508 2028 575 2070 his
608 2028 716 2070 locis
748 2030 886 2085 poeta
916 2027 962 2069 id
995 2028 1105 2084 agit,
1149 2030 1202 2070 ut
1233 2026 1630 2084 praenuntiatione
1661 2025 1754 2068 ani-

261 2114 353 2141 mos
388 2101 692 2155 spectatorum
724 2098 769 2140 in
800 2112 1005 2155 pompam
1027 2099 1281 2149 venturam,
1315 2111 1427 2153 quae
1458 2095 1596 2139 triste
1626 2109 1755 2151 prae-

262 2168 384 2210 bebit
417 2168 730 2224 spectaculum,
763 2167 984 2210 intendat.

381 2238 507 2280 Hanc
543 2237 731 2280 formam
762 2236 1006 2279 Menander
1037 2251 1091 2279 ex
1123 2235 1358 2292 tragoedia
1401 2236 1630 2277 mutuatus
1663 2235 1753 2275 est:

266 2307 320 2348 In
351 2307 601 2350 Heautont.
646 2307 761 2350 enim
793 2323 834 2348 v.
868 2307 952 2349 243
971 2322 1028 2349 ss.
1062 2305 1215 2362 Syrus,
1264 2305 1339 2362 qui
1369 2304 1518 2346 nuntii
1548 2302 1756 2360 partibus

265 2376 481 2432 fungitur,
527 2376 733 2419 mulieres
777 2376 1080 2432 praenuntiat,
1127 2390 1240 2432 quae
1272 2392 1312 2419 v.
1348 2374 1431 2415 375
1463 2374 1509 2415 in
1553 2386 1756 2415 scaenam

263 2446 616 2501 progrediuntur
641 2446 761 2499 („sed
785 2460 917 2501 quam
938 2446 1028 2488 cito
1053 2448 1157 2488 sunt
1182 2446 1446 2487 consecutae
1468 2441 1752 2497 mulieres“.).

379 2514 465 2557 Sed
499 2519 568 2557 est
600 2515 736 2557 etiam
769 2515 918 2558 altera
938 2515 1094 2566 forma,
1131 2529 1242 2571 quae
1272 2528 1360 2556 non
1393 2512 1575 2555 derecta
1605 2514 1657 2553 ut
1689 2511 1755 2553 ita

266 2583 407 2625 dicam
440 2584 513 2625 via
547 2599 600 2626 ex
632 2584 868 2640 tragoedia
900 2585 945 2626 in
976 2599 1137 2627 novam
1161 2583 1442 2633 comoediam,
1477 2582 1555 2624 sed
1587 2596 1641 2623 ex
1663 2583 1753 2623 tra-

265 2653 425 2708 goedia
456 2653 501 2694 in
534 2654 801 2696 comoediam
836 2656 1033 2697 veterem
1065 2655 1249 2710 recepta
1279 2652 1381 2694 inde
1414 2652 1459 2693 in
1491 2665 1653 2694 novam
1684 2665 1753 2692 co-

264 2722 479 2763 moediam
520 2723 737 2778 pervenit.
800 2723 913 2766 Nam
946 2723 1276 2779 Aristophanes
1318 2720 1755 2778 praenuntiationem

264 2806 352 2833 una
384 2806 480 2833 cum
512 2792 681 2834 nuntiis
714 2792 902 2847 tragicis
936 2793 981 2834 in
1013 2807 1138 2835 suum
1168 2807 1296 2834 usum
1322 2791 1501 2834 vocavit
1536 2793 1582 2832 et
1613 2790 1679 2831 ita
1709 2789 1755 2830 in
