1889 3284
1027 229 1085 270 24

311 345 550 389 exstitisse.
592 360 626 386 e.
660 358 727 399 gr.
760 345 946 399 praeter
977 343 1057 385 hos
1088 343 1209 386 locos
1240 343 1446 387 Pseudol.
1480 345 1564 387 956
1597 347 1643 388 et
1674 344 1802 389 Stra—

309 415 426 457 tonis
460 414 516 455 fr.
546 414 566 455 1
586 413 628 468 ¹).

426 484 550 526 Unus
595 482 731 535 locus,
781 497 865 538 quo
911 481 1073 538 aliquis
1117 481 1281 538 gaudio
1326 482 1474 525 elatus
1521 498 1575 525 ex
1618 483 1802 527 aedibus

309 553 519 610 prodiens
553 552 685 594 deos
718 552 911 599 invocat,
946 550 1065 607 apud
1094 550 1326 608 Diphilum
1356 551 1547 608 legitur:
1599 553 1655 594 In
1685 552 1802 596 Rud.

310 638 350 664 v.
386 622 493 663 1191
540 622 788 664 Daemones
837 620 986 663 verbis
1004 620 1056 675 2);
1125 620 1258 675 „Pro
1310 620 1365 663 di
1413 621 1799 665 immortales“

311 692 413 733 deos
455 693 597 733 testes
640 706 788 734 rerum
826 689 1121 733 secundarum
1151 690 1346 733 invocat.
1408 691 1581 734 Deinde
1611 680 1838 735 Tracha-h

308 761 481 812 lionem,
517 760 592 815 qui
625 761 680 802 ab
713 775 762 802 eo
796 759 853 801 ad
878 759 1024 802 forum
1055 759 1121 801 ire
1153 759 1298 802 iussus
1330 762 1410 813 est,
1444 760 1639 802 nondum
1661 761 1803 804 exisse

309 830 511 872 miratur.
577 829 663 882 Qui
705 832 943 886 postquam
986 829 1031 870 in
1075 843 1235 872 scaena
1279 829 1508 886 apparuit,
1554 830 1803 874 Daemones

311 898 467 951 omnia.
501 914 614 955 quae
647 899 688 941 ei
720 899 1026 951 mandaverat,
1059 898 1242 955 repetit.

432 1020 465 1052 1)
493 1016 673 1051 Stratonis
692 1016 935 1059 fragmentum
964 1027 1006 1050 ex
1027 1015 1244 1051 phoenicide
1263 1020 1444 1051 servatum
1472 1016 1517 1050 ab
1544 1016 1670 1051 iisdem
1694 1017 1804 1052 verbo

310 1080 414 1110 tenus
442 1076 605 1110 versibus
633 1075 832 1117 exorditur,
861 1075 990 1119 quibus
1019 1063 1237 1110 Philemonis
1265 1075 1376 1110 locus.

431 1138 467 1171 2)
495 1135 548 1169 Dc
575 1135 642 1169 hac
669 1145 801 1169 scaena
827 1134 888 1177 IV,
917 1137 936 1167 5
965 1134 1048 1177 quia
1076 1135 1150 1169 Leo
1176 1134 1366 1169 iudicavit:
1396 1146 1550 1178 „scaena
1572 1146 1644 1170 non
1662 1135 1806 1170 videt-ur

310 1195 463 1238 genuina
492 1205 580 1234 esse,
610 1194 745 1238 scripta
772 1195 940 1235 fortasse,
967 1198 1007 1228 ut
1033 1205 1187 1237 sequens
1212 1194 1397 1229 decurtari
1414 1195 1566 1238 possit“,
1593 1197 1671 1229 eam
1698 1205 1805 1239 genu-

310 1254 405 1287 inam
444 1264 524 1288 6336
562 1253 794 1288 ostendamus
832 1263 979 1287 necesse
1015 1258 1079 1287 est.
1132 1253 1302 1288 Profecto
1330 1253 1596 1288 concedendum
1632 1258 1687 1288 est
1712 1254 1806 1288 hunc

309 1313 427 1346 locum
454 1313 563 1347 multa
593 1313 780 1356 praebere,
809 1322 901 1355 quae
929 1312 1073 1346 solitam
1090 1313 1270 1347 rationem
1288 1313 1484 1347 excedant:
1512 1323 1689 1356 nusquam
1713 1312 1805 1347 alias

309 1372 345 1405 in
372 1371 506 1405 fabulis
533 1372 712 1406 Plautinis
739 1372 895 1415 reperiri
921 1376 1042 1415 potest
1082 1382 1296 1415 quemquam
1332 1376 1414 1416 post
1451 1372 1592 1415 aliquot
1624 1372 1735 1407 verba
1769 1373 1806 1406 in

310 1441 439 1465 scaena
467 1430 564 1465 dicta
591 1431 771 1465 introrsus
799 1435 965 1474 spectare
993 1436 1028 1464 et
1054 1431 1164 1474 loqui.
1211 1432 1388 1475 Imprimis
1416 1435 1536 1465 autem
1562 1431 1663 1466 locus
1687 1432 1806 1475 singu—

310 1490 396 1524 laris
434 1496 488 1525 est
522 1491 611 1524 mira
649 1490 901 1524 coniunctione
939 1490 1138 1524 formarum
1166 1490 1458 1534 Euripidearum,
1500 1501 1589 1534 quas
1623 1502 1715 1525 nova
1751 1502 1807 1525 co—

310 1549 450 1583 moedia
478 1550 696 1593 assumpsit:
727 1553 761 1593 1)
789 1549 940 1583 affectus
960 1560 1091 1583 causae
1111 1548 1278 1591 adeundi,
1306 1552 1343 1592 2)
1370 1550 1700 1593 praenuntiationis
1727 1560 1808 1594 per-

311 1619 420 1643 sonae
448 1620 539 1651 quae
567 1609 656 1642 miro
677 1608 781 1643 modo
800 1608 942 1642 tardius
969 1609 1067 1643 venit
1095 1610 1200 1652 (1201
1233 1608 1412 1652 „nondum
1431 1619 1615 1653 egressum
1640 1609 1677 1643 id
1695 1609 1807 1643 miror

311 1672 442 1710 tamen,
483 1667 527 1702 cf.
555 1668 650 1702 infra
679 1678 760 1712 pag.
790 1670 834 1702 49
850 1679 918 1712 ss.;
961 1670 997 1706 3)
1034 1668 1171 1712 negotii
1196 1668 1232 1701 in
1259 1678 1388 1702 scaena
1417 1667 1494 1702 dati
1530 1669 1591 1711 (cf.
1628 1680 1662 1712 p.
1689 1671 1734 1702 44
1749 1673 1805 1713 s.).

311 1727 364 1761 Eo
393 1727 487 1770 quod
515 1732 623 1771 poeta
660 1728 724 1761 has
760 1727 896 1761 formas
933 1728 969 1761 in
1003 1738 1113 1761 unum
1149 1738 1270 1761 omnes
1298 1728 1415 1761 locum
1441 1728 1636 1771 congessit,
1675 1738 1806 1762 scaena

310 1797 461 1830 prorsus
490 1786 673 1821 incondita
700 1786 799 1821 facta
827 1791 891 1820 est.
944 1788 991 1820 At
1020 1797 1098 1820 cum
1126 1785 1302 1820 eiusmodi
1329 1797 1400 1829 res,
1441 1797 1533 1830 quae
1560 1790 1686 1830 aperte
1712 1787 1807 1821 inter

312 1857 348 1879 se
376 1845 594 1889 discrepent,
635 1846 670 1879 in
698 1846 753 1879 his
782 1846 921 1880 scaenis
949 1846 1008 1887 IV,
1037 1848 1056 1879 :3
1085 1851 1120 1880 et
1146 1846 1206 1886 IV,
1235 1848 1255 1880 6
1294 1857 1366 1880 11011
1392 1846 1563 1890 leguntur
1601 1851 1677 1880 tum
1704 1857 1806 1880 36611-
1839 1848 1841 1850 ’

311 1905 429 1939 ratius
455 1905 637 1949 exquisita
665 1916 796 1939 scaena
824 1905 882 1946 IV,
911 1908 932 1939 6
959 1915 1086 1939 revera
1114 1905 1204 1938 nihil
1231 1905 1377 1939 obvenit
1404 1904 1550 1948 dignum
1578 1905 1673 1948 quod
1698 1916 1807 1949 prop-

311 1969 411 1998 terea
430 1963 635 2005 inducatur,
664 1965 748 2007 quia
767 1969 849 2008 post
869 1975 1035 1998 scaenam
1062 1964 1122 1999 IV.
1143 1966 1162 1997 5
1190 1964 1294 1998 nimis
1314 1964 1459 2008 copiose
1478 1968 1513 1998 et
1531 1964 1653 2008 inepte
1671 1964 1806 1999 dictum

311 2023 369 2056 sit.
412 2023 473 2056 Nil
501 2024 592 2057 enirn
620 2024 656 2057 in
683 2028 840 2066 utraque
866 2034 997 2057 scaena
1025 2023 1158 2057 dicitur
1183 2023 1254 2057 nisi
1280 2022 1528 2066 Plesidippum
1546 2023 1807 2058 Atheniensem

312 2086 576 2125 cognatumque
604 2083 779 2117 Daemoni
805 2093 894 2117 esse.
946 2083 1057 2117 Immo
1085 2092 1250 2117 scaenam
1278 2082 1338 2125 IV,
1366 2084 1386 2116 ὕ
1414 2086 1566 2126 propter
1590 2082 1719 2122 iocum,
1745 2082 1807 2125 qui

310 2141 484 2175 vocabulo
515 2142 642 2184 „licet“
672 2146 849 2186 perpetuo
875 2143 1008 2176 iterato
1035 2141 1203 2184 efficitur,
1229 2142 1266 2175 in
1293 2141 1431 2176 deliciis
1456 2141 1668 2185 plebeculae
1692 2140 1807 2176 fuisse

310 2204 410 2243 puto.
462 2200 622 2244 Accedit,
650 2201 746 2244 quod
773 2212 904 2236 scaena
932 2202 992 2236 IV.
1022 2204 1041 2235 5
1070 2205 1213 2235 retenta
1241 2206 1315 2235 tres
1343 2206 1446 2235 actus
1473 2199 1651 2235 Rudentis
1677 2211 1699 2235 a
1724 2201 1807 2236 soli-

312 2259 434 2302 loquio
470 2260 665 2295 Daemonis
700 2260 885 2295 exordium
924 2261 1063 2295 faciunt
1102 2263 1197 2303 (593,
1227 2263 1307 2303 892,
1338 2262 1453 2301 1191),
1496 2259 1592 2303 quod
1626 2271 1670 2294 ex
1705 2264 1804 2294 certo

313 2319 462 2353 consilio
490 2324 620 2362 poetae
646 2327 763 2354 ortum
789 2331 868 2355 esse
896 2320 1047 2354 videtur.
1099 2320 1215 2355 Porro
1243 2320 1398 2364 quadam
1435 2324 1513 2353 arte
1538 2319 1726 2363 Diphilum
1751 2318 1805 2354 fa-

311 2379 431 2413 bulam
457 2379 509 2413 ita
529 2380 774 2422 composuisse
793 2380 963 2422 arbitror,
991 2384 1031 2414 ut
1057 2380 1162 2414 huius
1189 2384 1291 2414 actus
1311 2379 1452 2412 initium
1471 2378 1585 2412 faciat
1602 2378 1805 2413 Daemones

312 2440 365 2471 vir
400 2439 480 2482 pius
519 2439 728 2483 probusque
763 2440 886 2482 itaque
922 2450 1042 2473 rerum
1070 2438 1307 2474 secundarum
1336 2449 1428 2472 nunc
1456 2438 1640 2482 particeps
1667 2438 1805 2472 verbis:

315 2496 406 2541 „Pro
434 2497 470 2530 di
496 2498 737 2532 immortales!
775 2498 855 2540 quis
883 2509 937 2532 me
965 2504 1019 2532 est
1046 2498 1271 2533 fortunatior
1290 2526 1296 2531 .
1315 2499 1409 2538 ..?‘²‚
1438 2502 1540 2532 actus
1567 2501 1689 2531 autem
1713 2497 1805 2531 inse-

313 2567 425 2600 quens
452 2557 664 2591 exordiatur
691 2568 710 2591 a
739 2557 915 2592 Labracis
950 2558 1089 2592 lenonis
1126 2558 1295 2601 sacrilegi
1330 2557 1471 2591 verbis:
1514 2556 1622 2600 „Quis
1661 2566 1716 2590 me
1750 2560 1804 2590 est

312 2615 476 2650 mortalis
504 2616 680 2657 miserior,
710 2616 770 2659 qui
799 2617 891 2650 vivat
919 2617 1012 2651 alter
1039 2617 1146 2651 hodie
1163 2645 1167 2650 .
1186 2644 1193 2650 .
1211 2617 1267 2650 .?“
1312 2617 1392 2650 Duo
1413 2617 1526 2660 igitur
1543 2615 1693 2650 exordia
1709 2615 1806 2648 inter

313 2685 351 2709 se
378 2674 599 2716 respondent
627 2680 661 2709 et
689 2675 787 2709 facta
815 2680 909 2715 sunt,
937 2681 975 2710 ut
1002 2676 1178 2710 iustitiam
1205 2675 1353 2710 deorum
1381 2675 1639 2709 demonstrent.
1679 2673 1805 2708 Talem

311 2734 606 2777 compositionem
646 2735 681 2767 in
722 2734 802 2768 aliis
840 2745 982 2778 quoque
1018 2735 1157 2769 scaenis
1190 2734 1370 2769 Rudentis
1406 2734 1481 2768 Leo
1518 2733 1696 2777 ((ρι1.Ρ1.,2
1725 2734 1804 2776 157)

314 2793 530 2827 observavit.
581 2794 709 2836 Itaque
737 2793 782 2827 ad
808 2793 978 2827 iudicium
1007 2794 1141 2828 Marxii
1167 2794 1304 2838 (Wien.
1326 2793 1512 2827 Sitz.·Bcr.
1542 2795 1642 2835 1899,
1670 2803 1704 2836 p.
1731 2792 1804 2835 20),

316 2853 475 2895 quamvis<
504 2852 664 2887 rationes
691 2863 762 2887 non
789 2852 965 2895 attulerit,
994 2852 1236 2887 accedendum
1263 2863 1343 2887 esso
1371 2856 1468 2896 puto.
