1889 3284
771 211 823 251 61

171 324 215 380 a)
244 323 359 366 Nam
391 325 438 366 et
469 323 587 379 apud
607 323 959 379 Aristophanem
992 330 1036 367 et
1068 324 1184 380 apud
1210 328 1364 381 poetas
1396 338 1537 367 novae

56 393 306 437 comoediae
337 407 521 436 scaenae
551 393 855 444 inveniuntur,
889 393 933 434 in
966 393 1121 449 quibus
1154 408 1380 449 personae,
1428 407 1537 449 quae

55 461 106 505 in
135 477 339 506 scaenam
368 461 603 519 prodeunt,
651 461 697 503 in
739 461 837 517 ipsa
878 462 1048 504 demum
1084 463 1316 517 scaenayid
1349 463 1539 504 animum

54 532 266 576 inducere
296 532 524 584 videntur,
573 546 657 588 quo
702 546 751 573 re
795 546 903 573 vera
944 534 994 573 ut
1036 546 1235 574 scaenam
1266 533 1386 574 intro
1419 531 1540 573 irent

57 603 299 645 commotae
331 604 448 644 sunt.
496 594 503 598 ‘

171 671 227 713 In
248 670 481 726 Aristoph.
505 669 616 712 Ach.
640 670 723 712 729
756 669 1030 725 Megarensis
1053 670 1212 725 aliquis
1245 685 1340 711 cum
1363 669 1537 711 filiabus

55 740 233 799 prodit3
280 740 386 797 quid
423 740 548 793 velit,
593 739 734 796 primo
775 754 862 781 non
894 740 1178 796 perspicitur,
1223 739 1378 782 deinde
1410 739 1539 790 filias,

57 812 295 869 postquam
338 825 385 852 se
424 809 654 852 venditari
697 811 909 865 tanquam
954 809 1158 865 porculas
1205 824 1332 864 quam
1377 808 1541 850 esurire

55 880 191 924 malle
222 879 447 931 dixerunt,
493 880 628 922 offert
658 879 978 935 Dicaeopolidi,
1027 882 1077 921 ut
1119 881 1255 931 emat:
1305 893 1401 920 eum
1433 892 1539 919 vero

26 955 29 961 ¹
57 950 173 993 filias
206 949 397 992 vendere
439 950 526 991 iam
570 950 705 991 antea
736 963 867 1004 quam
914 948 958 989 in
991 962 1191 991 scaenam
1223 947 1348 989 venit
1379 946 1541 989 consti-

56 1019 201 1062 tuisse
240 1019 344 1062 inde
385 1021 586 1076 apparet,
632 1017 749 1074 quod
792 1018 877 1059 iam
910 1032 1091 1060 saccum.
1140 1017 1185 1058 in
1229 1032 1311 1068 Quo
1352 1015 1540 1071 ungulas

59 1089 214 1132 suillas
247 1091 294 1132 et
323 1090 478 1131 rostra
507 1087 696 1139 ferebat,
730 1102 872 1129 secum
905 1087 1122 1142 portavit.
1169 1086 1331 1142 Itaque
1362 1085 1542 1126 Aristo-

0 1179 5 1187 ¹
57 1159 226 1216 phanes
269 1158 396 1201 nobis
437 1157 607 1200 festiva
650 1171 829 1206 scaena,
878 1157 1092 1213 quomodo
1136 1156 1411 1211 propositum
1454 1154 1542 1196 Me-

58 1227 264 1284 gatensis
298 1227 488 1279 oriatur,
537 1226 774 1269 ostendere
806 1241 936 1282 quam
968 1225 1112 1268 ieiune
1143 1239 1326 1267 narrare
1359 1223 1542 1266 mavult.

58 1297 150 1340 Ars
195 1297 374 1348 similis,
423 1311 510 1339 non
555 1296 706 1338 eadem
754 1299 840 1345 est,
890 1310 975 1353 qua
1008 1295 1244 1350 Euripides
1288 1294 1333 1335 in
1377 1292 1543 1336 scaenis

61 1381 196 1424 supra
226 1382 266 1424 p.
299 1368 356 1408 44
371 1382 400 1409 s.
434 1365 650 1408 tractatis
682 1380 788 1408 usus
822 1367 903 1407 est.

175 1437 271 1479 Iam
303 1437 506 1479 conferas
539 1450 703 1492 quaeso
734 1435 850 1477 hunc
880 1435 1022 1477 locum
1045 1434 1426 1485 Menandreum¹]):
1459 1432 1544 1474 Ad.

59 1507 164 1549 610ει
194 1506 455 1559 Aeschinus,
479 1509 718 1562 postquam
740 1507 872 1547 extra
895 1518 1096 1547 scaenam
1119 1518 1143 1545 a
1169 1502 1404 1554 Canthara,
1439 1501 1544 1558 quid

61 1576 273 1620 Sostrata
304 1579 351 1619 et
380 1575 615 1629 Pamphila
659 1575 712 1618 de
757 1589 801 1617 se
844 1574 1187 1630 suspicarentur,
1233 1572 1458 1628 comperit,
1502 1571 1546 1612 in

62 1661 266 1691 scaenam
285 1645 488 1703 procedit
520 1648 567 1688 et
597 1647 745 1687 mente
768 1644 939 1701 agitat:
973 1643 1030 1698 (v,
1064 1644 1164 1695 (5112)
1200 1676 1206 1682 .
1232 1676 1239 1682 .
1265 1676 1272 1682 .
1301 1644 1377 1694 „ut
1407 1655 1547 1696 neque

61 1717 168 1774 quid
197 1732 267 1760 me
297 1716 458 1759 faciam
489 1729 570 1758 nec
600 1714 706 1772 quid
737 1729 867 1771 agam
899 1716 1070 1756 certum
1103 1713 1203 1756 sit-⁴.
1267 1712 1332 1754 At
1364 1712 1468 1767 quin
1499 1724 1546 1752 re

61 1802 172 1830 vera
203 1801 249 1829 se
273 1785 511 1829 Sostratae
544 1787 590 1827 et
611 1784 871 1841 Pamphilae
903 1797 1100 1839 purgare
1134 1783 1173 1825 ei
1204 1782 1291 1824 iam
1322 1784 1418 1823 tum
1450 1795 1546 1836 pro-

60 1857 257 1913 positum
300 1855 459 1906 fuerit,
507 1869 602 1897 cum
644 1854 691 1896 in
733 1867 934 1896 scaenam
978 1852 1376 1908 progrediebatur,
1421 1863 1547 1891 nemo

63 1926 303 1969 dubitabit.
1093 1924 1099 1931 ’

63 2013 68 2017 ·
179 1995 379 2040 Eandem
418 1995 639 2038 rationem
670 1993 918 2036 invenimus
959 1993 1004 2033 in
1036 1991 1175 2033 Andr.
1209 2004 1366 2033 scaena
1397 1990 1473 2041 IV(
1513 1991 1549 2039 1,

0 2075 3 2090 ”
64 2065 284 2110 Charinus
330 2065 446 2108 enim
489 2064 541 2107 de
587 2063 756 2120 nuptiis
801 2062 1090 2104 Philumenae
1135 2063 1181 2102 et
1224 2059 1442 2115 Pamphili
1488 2059 1550 2100 in—

0 2130 3 2173 ἶ
64 2136 290 2180 stantibus
321 2150 349 2178 a
378 2135 550 2191 Byrria
581 2134 749 2176 certior
781 2133 926 2174 factus
958 2132 1003 2173 in
1036 2144 1194 2173 scaena
1225 2129 1396 2171 demum
1422 2128 1549 2170 Pam-

63 2206 186 2264 philo
203 2205 338 2249 animi
353 2196 698 2247 inconstantiam
717 2203 986 2258 exprobrare
1005 2200 1087 2243 sibi
1105 2213 1352 2255 proponere
1372 2197 1551 2240 videtur

64 2276 166 2334 (639
179 2275 264 2332 ss).
327 2273 416 2318 Sed
446 2274 582 2317 etiam
613 2272 696 2314 hoc
726 2272 821 2314 loco
855 2270 1025 2313 aditum
1057 2270 1102 2310 in
1135 2282 1336 2310 scaenam
1369 2282 1418 2309 eo
1452 2281 1550 2308 con-

0 2368 3 2376 ι
66 2345 167 2388 silio
196 2344 380 2402 probari
411 2342 677 2400 Spengelius
711 2346 833 2383 recte
866 2339 1078 2395 cognovit
1094 2338 1138 2387 Ἴ

6 2478 10 2483 ι
188 2434 222 2478 1)
248 2433 329 2466 Huc
354 2443 425 2466 non
451 2431 610 2476 pertinet
636 2430 736 2463 locus
764 2429 857 2463 Sani.
885 2429 964 2461 2913.
999 2426 1084 2468 quia
1110 2426 1145 2458 in
1172 2423 1406 2457 Parmenonis
1434 2421 1551 2456 verbis

0 2503 3 2507 ’
66 2492 156 2527 nihil
180 2492 251 2526 iam
275 2491 512 2526 dubitationis
538 2491 640 2524 inest.

186 2554 223 2595 2)
249 2551 353 2585 Hanc
391 2560 558 2585 scaenam
585 2550 615 2583 si
641 2548 834 2582 Terentius
870 2545 913 2580 de
949 2556 1013 2579 suo
1040 2543 1179 2578 addidit
1214 2549 1259 2582 (v,
1289 2542 1418 2575 Donat.
1447 2540 1491 2573 ad
1520 2540 1551 2573 11

70 2614 100 2654 1,
122 2614 161 2646 1:
189 2611 287 2655 „Has
322 2619 498 2654 personas
525 2608 716 2643 Terentius
752 2605 891 2640 addidit
923 2604 1090 2645 fabulae3
1132 2613 1215 2636 nam
1250 2612 1321 2635 non
1347 2603 1429 2633 sunt
1457 2599 1552 2641 apud

68 2669 307 2707 Menandrum
327 2697 333 2703 .
351 2697 358 2703 .
375 2670 434 2713 .“)‚
473 2667 511 2702 id
538 2666 635 2712 quod
660 2677 741 2718 non.
758 2665 846 2699 satis
874 2666 1025 2698 constat.
1062 2661 1196 2705 optime
1222 2664 1335 2694 artem
1363 2657 1553 2692 Menandri

1 2740 7 2752 ³
70 2729 276 2766 observavit
313 2732 349 2762 et
385 2727 547 2761 imitatus
586 2731 641 2760 est
679 2724 740 2770 (cf.
776 2722 956 2757 Fraenkel
994 2732 1027 2765 p.
1062 2722 1133 2764 57).
1196 2720 1269 2753 Leo
1307 2718 1405 2760 (hist.
1441 2717 1552 2750 litter.

0 2807 5 2830 3
69 2801 104 2834 p.
123 2790 227 2833 239):
258 2787 418 2833 „Terenz
446 2787 542 2830 zeigt
569 2785 644 2820 sich
664 2784 843 2818 durchaus
870 2782 970 2824 fahig
997 2779 1070 2814 und
1087 2779 1206 2823 geubt,
1235 2778 1299 2812 wie
1326 2777 1382 2810 ein
1401 2775 1554 2810 anderer

68 2849 236 2893 Epigone
262 2847 327 2882 der
351 2856 466 2880 neuen
493 2843 668 2879 Kom'odie
695 2840 911 2877 Menanders
939 2838 1124 2874 Stilmittel
1151 2835 1425 2871 anzuwenden‘st
