1889 3284
827 227 881 268 47

109 339 347 384 niselenidi
389 339 635 382 allaturum
680 341 872 384 dimittit
913 345 959 384 et
990 342 1035 385 in
1067 359 1105 385 v.
1140 344 1222 385 302
1266 344 1380 387 idem
1413 344 1595 387 Toxilus

29 406 73 459 ’,’
111 424 200 452 una
232 424 329 452 cum
361 408 705 466 Sophoclidisca,
751 426 881 467 quam
925 412 1133 455 remittit.
1179 413 1305 455 domo
1351 414 1596 470 egreditur.

41 515 43 517 .
108 479 164 522 In
203 493 362 522 scaena
394 479 477 520 302
495 494 550 521 ss.
591 479 797 522 Toxilum
839 481 973 523 etiam
1013 485 1312 524 remanentem
1351 483 1396 524 in
1441 497 1596 526 scaena

109 548 223 592 facit
254 550 402 605 poeta,
436 550 488 591 ut
516 563 616 590 cum
647 549 956 605 Sagaristione
988 551 1283 606 colloquatur.

225 617 264 660 2.
314 617 524 660 Alterum
570 618 746 660 modum
777 619 1019 662 Menander
1064 621 1111 662 in
1156 620 1268 663 Eun.
1303 636 1460 664 scaena
1488 622 1592 673 ILI

108 686 327 741 adhibuit,
360 686 407 729 in
434 701 522 743 qua
542 687 767 730 Phaedria
798 703 873 731 rus
906 689 1050 731 iturus
1075 689 1169 732 exit
1191 695 1237 733 et
1260 705 1434 733 servum
1467 691 1596 734 simul

111 771 338 813 egressum
369 756 691 800 Parmenonem
723 757 837 800 dona
868 758 924 800 ad
956 758 1168 801 Thaidem
1210 759 1426 802 deducere
1458 761 1595 803 iubet.

109 826 164 869 In
195 826 348 869 eadem
371 826 526 868 fabula
555 826 671 869 idem
703 826 866 868 iterum
890 828 1058 870 occurit
1079 828 1125 870 in
1148 844 1185 870 v.
1209 830 1293 871 499
1312 844 1366 872 ss.
1430 830 1594 872 Similis

41 912 44 917 ’
110 900 181 940 est
211 897 370 939 scaena
403 895 532 952 Capt.
568 896 650 937 110
668 898 725 938 ss.

225 966 265 1008 3.
297 965 394 1008 Iam
416 965 453 1008 si
475 965 723 1022 exemplum
737 966 904 1008 tertiae
922 967 1112 1009 rationis
1132 968 1391 1023 quaerimus,
1414 971 1595 1024 praesto

110 1038 178 1078 est
219 1034 298 1078 ille
336 1034 460 1078 locus
493 1034 704 1077 Pseudoli
736 1051 777 1078 v.
815 1036 894 1076 133
909 1051 986 1077 ss.:
1033 1036 1152 1078 Leno
1185 1036 1330 1079 Ballio
1363 1037 1420 1080 ad
1449 1037 1596 1079 forum

109 1104 261 1148 iturus
284 1107 444 1149 evocat
466 1104 671 1157 lorarios,
705 1106 756 1146 ut
794 1104 861 1156 iis,
895 1104 997 1146 dum
1020 1105 1147 1148 domo
1171 1106 1382 1159 abscedit,
1414 1106 1595 1149 mandet

111 1174 294 1232 aliquid.
358 1175 483 1228 Quae
516 1175 661 1218 omnia
695 1175 811 1231 quod
855 1178 1011 1218 contra
1054 1176 1294 1218 veritatem
1325 1176 1436 1219 foris
1468 1177 1594 1227 fiunt,

107 1245 154 1288 in
185 1259 236 1288 eo
267 1245 506 1301 Langenus
537 1245 634 1287 iure
668 1244 833 1299 (Plaut.
867 1245 1028 1299 Beitr.)
1062 1245 1270 1299 offendit;
1317 1245 1393 1287 sed
1433 1245 1514 1288 hoc
1546 1260 1595 1287 eo

35 1350 37 1352 .
107 1314 361 1370 mitigatur,
404 1314 522 1371 quod
560 1314 662 1357 leno
704 1314 761 1367 id,
806 1314 923 1370 quod
965 1315 1099 1356 etiam
1142 1315 1450 1357 meretricibus
1492 1318 1596 1357 ante

109 1384 274 1430 ostium
304 1399 394 1427 non
422 1384 548 1427 nulla
590 1383 786 1435 mandat,
831 1383 976 1426 verbis
1022 1387 1202 1426 excusat
1236 1384 1290 1439 (v.
1329 1384 1446 1435 lm:
1500 1384 1596 1436 „vel

109 1454 298 1512 operire,
333 1456 402 1497 est
431 1454 549 1511 quod
580 1453 698 1496 domi
729 1453 875 1496 dicere
907 1468 1045 1509 paene
1078 1452 1243 1495 oblitus
1277 1453 1380 1494 fui.“

223 1524 348 1568 Idem
395 1524 513 1580 quod
560 1523 606 1566 in
651 1523 858 1566 Pseudol.
906 1523 1148 1565 Menander
1194 1523 1403 1578 Langeno
1452 1522 1594 1565 iudice

16 1583 37 1604 ι’
107 1594 328 1637 commisit
357 1594 574 1646 mendum,
618 1593 753 1636 etiam
785 1593 830 1635 in
862 1593 1015 1636 Aulul.
1050 1609 1090 1635 v.
1124 1593 1207 1634 268
1223 1608 1279 1634 ss.
1313 1593 1594 1646 observatur,

107 1679 196 1721 quo
239 1663 336 1707 loco
376 1663 533 1706 Euclio
580 1663 637 1706 ad
680 1663 829 1706 forum
874 1663 1021 1705 iturus
1054 1662 1315 1717 Staphylae,
1363 1664 1597 1717 postquam

108 1733 327 1786 evocavit,
368 1734 599 1790 negotium
629 1734 825 1776 mandat.
889 1732 1019 1774 Tales
1052 1746 1228 1774 scaenas
1260 1730 1378 1787 apud
1408 1731 1594 1773 comicos

16 1799 41 1841 ο4
107 1802 424 1848 Graecosnon
454 1803 698 1846 inusitatas
732 1818 825 1846 esse
857 1802 992 1845 etiam
1022 1800 1305 1843 Mnesimachi
1338 1800 1594 1856 fragmento

106 1874 135 1915 4
165 1872 312 1930 (Kock
343 1873 391 1916 II
421 1889 463 1931 p.
494 1874 596 1928 437)
629 1875 675 1916 et
706 1872 972 1915 Menaechm.
1019 1872 1218 1915 versibus
1261 1870 1344 1912 220
1360 1885 1415 1912 ss.
1451 1872 1595 1912 osten-

108 1942 248 1986 ditur.

692 2111 896 2154 CAPVT
929 2111 1014 2152 ΙΙΙ.

764 2200 930 2245 Varia.

223 2284 327 2328 Non
358 2284 501 2327 solum
533 2284 579 2326 in
608 2283 676 2325 his
698 2282 959 2335 rationibus,
993 2295 1105 2337 quae
1138 2294 1190 2321 ex
1222 2278 1413 2334 ingenio,
1447 2280 1499 2320 ut
1529 2278 1597 2320 ita

14 2351 16 2354 ’
62 2371 68 2374 ·
108 2353 264 2410 dicam,
309 2354 573 2411 tragoediae
603 2352 873 2409 Euripideae
913 2353 1048 2393 natae
1096 2352 1212 2401 sunt,
1261 2348 1337 2390 sed
1384 2347 1519 2390 etiam
1550 2348 1597 2389 in

107 2426 238 2468 rebus
283 2424 456 2481 exiguis
501 2422 765 2481 quibusdam
811 2420 963 2464 comici
1007 2422 1151 2462 artem
1184 2417 1410 2474 Euripidis
1456 2416 1597 2459 secuti

109 2496 228 2538 sunt.

225 2578 263 2606 a.
296 2563 432 2620 Apud
452 2563 676 2619 tragicum
699 2561 812 2603 enim
834 2575 921 2601 non
942 2571 1177 2614 numquam
1198 2557 1263 2609 fit,
1291 2557 1342 2597 ut
1363 2569 1594 2612 personae.

108 2635 346 2690 postquam
376 2632 483 2690 quid
514 2632 561 2674 in
593 2645 749 2674 scaena
771 2631 919 2673 actum
942 2630 1064 2671 esset
1085 2626 1366 2675 audiverunt,
1399 2625 1445 2666 in
1477 2638 1596 2667 scae-

107 2717 211 2746 nam
240 2703 438 2746 veniant.

175 2794 177 2797 ·
225 2772 440 2816 Androm.
475 2772 599 2815 1047.
648 2770 806 2813 Peleus
854 2781 1032 2811 rumore
1079 2766 1132 2808 de
1175 2764 1442 2807 Hermionae
1488 2762 1597 2818 fuga

108 2842 264 2887 audito
295 2842 433 2895 venit,
467 2844 520 2884 ut
551 2840 804 2884 accuratius
837 2837 943 2895 quid
975 2839 1148 2892 gestum
1181 2834 1243 2877 sit
1274 2832 1533 2890 comperiat.
