1889 3284
8 0 20 262 Ι

41 319 301 377 Euripidem
352 322 474 363 metu
525 335 657 363 causa
707 321 955 377 prodeundi
1006 321 1073 364 uti
1119 322 1380 375 nescierint3
1432 337 1533 364 nam

41 390 371 447 Aristophanes
418 389 463 431 in
505 390 616 432 Ach.
652 390 735 432 176
783 393 829 433 et
870 390 987 433 Nub.
1023 390 1156 444 1321,
1204 405 1312 447 quas
1355 391 1531 435 fabulas

41 461 147 504 ante
179 474 273 502 eam
305 458 503 502 fabulam
529 459 832 516 Euripideam,
866 459 919 502 de
952 474 1039 516 qua
1070 460 1236 515 agitur,
1270 462 1530 517 composuit,

40 543 252 586 personas
313 528 474 571 timore
525 530 816 585 perturbatas
877 529 922 571 in
974 543 1175 572 scaenam
1226 530 1426 581 induxit3
1487 534 1532 574 et

39 598 316 654 Aeschylum
341 598 570 654 Euripidis
594 599 820 655 exemplar
842 599 980 642 fuisse
1002 599 1124 642 infra
1147 600 1389 642 ostendam.
1443 600 1531 644 Sed

14 673 137 711 'eam
175 668 366 711 formam
405 655 578 710 exor'dii
618 668 778 710 talium
810 683 1083 721 scaenarum,
1130 683 1260 726 quam
1292 670 1530 727 Euripides

37 737 225 790 invenit,
259 737 412 779 comici
445 737 588 779 secuti
621 740 737 779 sunt.

153 806 331 849 Primus
362 806 614 862 Aeschylus
654 821 866 863 personas
910 810 1032 849 metu
1072 808 1194 850 intus
1238 809 1283 850 in
1326 823 1528 850 scaenam

37 876 264 931 fugientes
296 876 419 928 fecit,
465 878 516 918 ut
558 890 671 932 quae
713 876 836 918 intus
878 876 1108 930 vidissent,
1153 880 1411 920 narrarent.
1474 878 1529 920 In

40 945 233 1002 Choeph.
281 961 318 989 v.
351 945 435 987 875
483 960 640 988 servus
686 960 739 987 ex
782 945 1068 988 andronitide
1114 947 1340 1002 procurrit
1385 950 1527 989 morte

37 1014 251 1071 Aegisthi
281 1013 558 1071 perterritus
593 1018 639 1056 et
670 1014 890 1056 dominum
924 1017 1132 1057 necatum
1178 1030 1273 1058 esse
1315 1016 1448 1059 choro
1482 1019 1528 1058 et

38 1083 399 1140 Clytaemestrae
449 1083 645 1126 nuntiat.
727 1083 780 1126 In
826 1084 950 1126 Eum.
997 1084 1053 1126 34
1103 1085 1309 1127 sacerdos
1360 1100 1528 1141 pavore

37 1153 291 1196 exanimata
332 1152 622 1209 manibusque
665 1153 853 1209 gradum
897 1153 1172 1196 titubantem
1218 1154 1433 1198 adiuvans
1476 1171 1529 1197 ex

37 1223 203 1280 templo
249 1222 401 1279 prodit
447 1224 583 1279 atque
630 1223 747 1279 quod
792 1223 1010 1265 horribile
1060 1224 1360 1279 spectaculum
1407 1225 1528 1267 intus

37 1292 207 1336 viderit
237 1294 434 1335 enarrat.

152 1361 413 1418 Euripides,
462 1361 537 1417 qui
582 1360 695 1403 hanc
741 1375 917 1404 causam
961 1362 1097 1405 etiam
1142 1362 1277 1405 aliter
1324 1362 1529 1405 adhibuit

37 1431 146 1486 (Ion.
172 1431 313 1488 1250),
348 1445 400 1474 ea
421 1445 562 1487 aeque
584 1433 719 1487 atque
741 1430 996 1486 Aeschylus
1030 1446 1133 1477 usus
1167 1435 1246 1485 est,
1281 1435 1331 1475 ut
1358 1432 1529 1475 aditum

36 1500 242 1558 exangeli
264 1502 493 1557 probaret.
549 1499 657 1542 Cum
681 1499 915 1556 Sophoclei
938 1504 1102 1543 exeant
1124 1501 1330 1557 exangeli
1352 1502 1529 1558 (Antig.

37 1571 161 1624 1278,
206 1570 311 1613 Oed.
346 1585 440 1626 reg.
474 1570 598 1623 1223,
644 1569 803 1612 Trach.
836 1571 948 1623 871),
995 1576 1045 1613 ut
1088 1570 1270 1613 chorum
1312 1570 1366 1614 de
1398 1573 1528 1614 rebus

34 1640 158 1683 intus
188 1640 330 1696 gestis
362 1639 600 1683 certiorem
632 1639 817 1692 faciant,
850 1639 1087 1696 Euripides
1121 1655 1277 1683 rursus
1310 1641 1530 1697 Aeschyli

36 1710 230 1766 vestigia
259 1708 448 1766 pressit;
483 1709 561 1752 sed
584 1709 852 1771 magistrum
883 1710 1111 1765 corrigere
1143 1712 1328 1753 conatus
1363 1711 1530 1753 affectu

34 1780 207 1823 timoris
239 1795 326 1822 non
359 1779 501 1822 solum
533 1779 681 1822 utitur
715 1793 848 1821 causa
880 1778 1085 1833 adeundi,
1134 1780 1211 1823 sed
1242 1782 1409 1823 metum
1442 1796 1529 1823 om-

35 1849 164 1892 nibus
213 1850 359 1893 verbis
403 1848 699 1904 universaque
745 1849 1008 1892 narratione
1055 1850 1262 1906 exangeli
1312 1850 1529 1906 effingere

37 1919 214 1963 studet:
261 1919 422 1975 Phryx
452 1918 724 1975 Euripideus
768 1921 891 1961 metu
924 1921 1059 1976 atque
1090 1934 1259 1976 pavore
1292 1922 1530 1976 tantopere

35 1990 332 2046 perturbatus
351 1991 397 2032 et
414 1988 664 2032 concitatus
684 1991 766 2042 est,
789 1990 841 2030 ut
860 1989 1035 2032 omnino
1054 2004 1139 2046 quo
1159 1989 1311 2046 fugiat
1327 1990 1527 2046 ignoret:

167 2070 239 2114 Or.
273 2071 383 2113 1375
432 2071 537 2111 aiat·
569 2073 624 2111 πᾶ.
657 2070 784 2125 φύγω,
819 2070 934 2123 ξέναι,

431 2139 563 2181 πολιὸν
598 2140 724 2194 αἰθέρ’
758 2141 838 2194 ἀμ-

429 2210 621 2264 πτάμενος
653 2212 678 2264 ἡ
712 2209 862 2261 πόντον,
895 2208 1078 2256 Ὠκεανὸς
1112 2212 1152 2251 ὃν

429 2280 692 2335 ταυρόκρανος
725 2279 913 2333 ἀγκάλαις
946 2279 1054 2319 ἑλίσ-

432 2366 510 2390 σων
542 2351 680 2390 κυκλοῖ
709 2350 860 2403 χῦόνα;

37 2424 210 2468 Deinde
242 2425 375 2468 choro
408 2440 479 2468 res
511 2425 634 2468 intus
667 2427 819 2481 gestas
854 2425 1050 2481 exponit.

153 2506 281 2550 Hanc
311 2521 513 2550 scaenam
545 2506 718 2550 Orestis
753 2506 905 2549 comici
935 2507 1104 2549 imitati
1137 2508 1242 2549 sunt
1257 2506 1300 2561 ¹).
1347 2507 1531 2549 Bromia

37 2576 84 2618 in
115 2576 341 2633 Amphitr.
374 2592 416 2620 v.
445 2577 555 2619 1053
591 2591 645 2619 ex
676 2576 857 2619 aedibus
890 2576 1117 2633 procurrit
1150 2578 1197 2618 et
1228 2578 1350 2619 metu
1383 2576 1530 2619 exani-

160 2712 195 2756 1)
220 2712 313 2747 Vide
338 2712 471 2748 Leonis
510 2714 574 2757 Qu.
613 2714 683 2748 ΡΙ.2
722 2724 803 2757 pag.
835 2716 911 2748 133.
939 2734 983 2739 -
1009 2714 1248 2748 Fraenkelius
1287 2726 1320 2758 p.
1349 2716 1394 2748 50
1432 2717 1530 2748 recte

41 2771 288 2816 Olympionem
315 2772 352 2805 in
379 2772 510 2806 Casina
536 2776 571 2807 et
597 2773 779 2807 Bromiam
814 2773 851 2806 in
878 2773 1143 2817 Amphitruone
1169 2777 1265 2808 metu
1299 2774 1335 2808 in
1363 2784 1530 2808 scaenam

39 2830 220 2874 fugientes
247 2830 400 2865 contulit
427 2841 505 2865 cum
532 2831 674 2876 Phryge
701 2831 910 2876 Euripideo.
