1889 3284
838 180 893 220 49

95 285 327 349 accurrit,
370 295 446 351 qui
476 295 522 336 in
553 295 792 337 tonstrinis
826 294 878 337 de
913 295 1142 350 Chremyli
1174 295 1344 338 divitiis
1388 311 1609 338 rumorem

122 364 306 421 accepit,
367 364 498 407 Hunc
529 379 637 407 vero
669 364 814 406 locum
854 379 942 405 non
983 365 1287 407 demonstrare
1319 366 1608 408 Menandrum

123 437 170 477 et
200 433 501 476 Philemonem
535 433 804 476 comoediam
846 436 1043 475 veterem
1085 437 1260 477 secutos
1294 450 1388 477 esse
1420 451 1507 478 non
1540 439 1609 477 est

123 503 240 559 quod
260 502 423 557 dicam3
458 517 559 546 nam
580 503 678 558 quis
699 503 883 558 ignorat
907 503 1253 559 Aristophanem
1285 504 1329 545 in
1351 504 1431 546 hac
1454 504 1609 546 fabula

121 575 266 615 artem
286 572 575 628 Euripideam
597 572 822 615 imitatum
845 571 970 614 esse'?
1032 571 1152 627 Ergo
1186 573 1321 615 etiam
1352 573 1432 615 hac
1464 588 1606 626 causa,

120 655 234 698 quae
263 641 311 684 in
341 642 438 684 vita
470 641 648 693 centies,
689 641 734 682 in
766 640 1017 683 coemoedia
1047 641 1379 697 Aristophanea
1410 643 1491 685 hoc
1521 658 1607 684 uno

118 711 216 754 1000
247 711 489 763 invenitur,
525 711 593 754 uti
623 710 777 753 comici
809 724 836 752 a
866 710 1040 766 tragico
1073 710 1277 754 didicisse
1311 716 1508 768 possunt.

235 781 361 823 Unus
392 780 536 837 igitur
568 782 714 822 restat
744 779 867 822 locus
901 779 1005 822 Oed.
1039 795 1145 836 reg..
1180 781 1255 836 qui
1287 782 1392 837 quin
1424 782 1608 823 comicos

122 852 298 893 secutos
332 842 426 892 0880
459 850 717 906 Euripidem
758 863 983 905 ponamus,
1030 850 1244 906 impedire
1286 851 1479 893 videtur.
1542 851 1608 893 At

124 920 241 976 quod
274 922 322 963 et
364 919 410 961 in
441 919 672 976 Euripidis
718 919 972 961 fabularum
1017 922 1062 961 et
1104 920 1149 960 in
1193 919 1474 962 Cistellariae
1509 920 1608 961 Tri-

120 989 370 1046 nummique
402 992 603 1032 extrema
635 991 765 1045 parte
806 989 912 1031 illae
952 1004 1168 1043 personae
1202 990 1245 1031 in
1280 1004 1479 1032 scaenam
1511 1005 1608 1045 pro-

121 1059 271 1112 deunt,
303 1059 350 1101 in
383 1058 613 1115 Sophoclis
655 1060 806 1101 autem
838 1058 1017 1101 fabulae
1049 1059 1191 1101 media
1224 1061 1355 1114 parte
1389 1058 1500 1101 Creo
1533 1059 1608 1101 ad—

119 1129 261 1182 volat,
304 1127 514 1181 adducor,
546 1129 599 1170 ut
630 1128 817 1170 comicos
859 1127 994 1170 etiam
1035 1128 1147 1170 hanc
1190 1142 1363 1170 causam
1396 1143 1449 1170 ex
1481 1128 1608 1170 Euri-

119 1198 223 1256 pide
254 1198 492 1254 sumpsisse
524 1200 689 1254 putem.

236 1337 277 1380 b.
339 1337 395 1379 In
416 1351 574 1380 scaena
595 1336 677 1390 IV,
698 1339 720 1378 1
745 1337 988 1379 Pseudolus
1021 1337 1270 1379 revertitur
1294 1339 1339 1379 et
1362 1336 1510 1392 paucis
1545 1335 1609 1377 Si-

120 1407 253 1449 miam
284 1409 483 1450 astutum
516 1406 767 1449 adiutorem
789 1421 886 1448 esse
906 1410 1078 1455 narrat,
1113 1407 1269 1462 quibus
1294 1407 1442 1453 verbis
1475 1406 1609 1448 animi

123 1478 429 1533 spectatorum
461 1476 517 1518 ad
549 1475 731 1519 Simiam
771 1479 1118 1529 convertuntur3
1164 1476 1321 1518 deinde
1364 1477 1609 1518 miratur

122 1546 178 1602 (v.
212 1546 327 1602 908),
359 1546 537 1588 ubinam
570 1545 648 1588 ille
678 1545 927 1598 restiterit5
962 1549 1182 1601 postremo
1216 1547 1272 1601 (V.
1296 1546 1396 1600 911)
1429 1545 1610 1588 Simiam

120 1615 267 1672 ipsum
306 1615 510 1658 incedere
540 1615 678 1667 videt⁷
724 1615 799 1671 qui
832 1630 909 1657 cur
940 1615 1112 1657 tardius
1146 1616 1189 1656 in
1222 1629 1424 1658 scaenam
1454 1615 1609 1657 veniat

120 1701 209 1728 non
240 1684 507 1741 explicatur.
571 1685 658 1738 Qui
688 1685 752 1739 fit,
796 1688 847 1727 ut
888 1685 969 1727 hoc
997 1684 1094 1727 loco
1126 1699 1353 1741 personae,
1401 1699 1513 1741 quae
1544 1685 1609 1725 in-

121 1755 266 1798 didem
308 1755 355 1797 in
398 1769 603 1798 scaenam
649 1755 849 1808 veniunt,
896 1770 983 1797 non
1031 1754 1159 1797 simul
1206 1754 1482 1811 appareant?
1543 1755 1611 1796 Ea

122 1825 325 1882 quaestio
373 1824 589 1877 solvetur,
639 1839 735 1867 cum
782 1824 839 1866 ad
886 1824 1083 1880 tragicos
1130 1824 1463 1866 recurrerimus.
1554 1824 1609 1865 In

124 1894 360 1950 tragoedia
412 1893 528 1936 enim
578 1908 712 1950 saepe
763 1894 971 1947 nuntius,
1026 1899 1337 1949 praeterquam
1383 1893 1497 1949 quod
1541 1907 1608 1935 res

83 1984 86 1986 v
126 1966 258 2006 extra
290 1978 493 2006 scaenam
524 1966 678 2020 gestas
710 1966 882 2016 narrat,
927 1964 1219 2020 praenuntiat
1249 1979 1332 2015 res,
1367 1978 1478 2019 quae
1509 1978 1610 2005 mox

123 2033 171 2075 in
201 2038 487 2090 conspectum
519 2035 825 2090 spectatorum
857 2036 1077 2075 venturae
1110 2037 1227 2075 sunt.
1291 2032 1377 2074 Sed
1410 2031 1610 2088 exempla

122 2101 324 2156 doceant,
357 2102 464 2159 quid
496 2102 659 2145 dicam:

236 2172 292 2214 In
319 2171 469 2215 Persis
501 2171 756 2228 Aeschylea
795 2173 840 2213 in
880 2188 920 2214 v.
953 2172 1037 2213 249
1081 2172 1262 2213 nuntius
1307 2171 1474 2212 cladem
1506 2169 1608 2212 Per-

123 2255 269 2284 sarum
298 2241 494 2295 nunffiat,
528 2241 687 2284 deinde
718 2257 759 2284 v.
793 2242 877 2283 508
892 2256 946 2283 88.
982 2241 1195 2283 Atossam
1226 2241 1464 2283 certiorem
1497 2239 1608 2281 facit

123 2325 211 2364 eos,
255 2311 331 2367 qui
362 2312 600 2368 supersint,
647 2311 820 2353 domum
862 2310 1088 2352 redituros
1122 2324 1228 2362 0880,
1275 2312 1320 2351 et
1351 2309 1396 2350 in
1429 2309 1513 2350 fine
1546 2308 1609 2350 fa-

121 2380 252 2423 bulae
274 2380 392 2436 (907)
413 2381 588 2423 Xerxes
611 2380 785 2423 domum
818 2379 1005 2422 revenit.
1067 2379 1234 2421 Eodem
1265 2378 1392 2421 modo
1425 2378 1607 2419 nuntius

121 2449 169 2492 in
200 2449 383 2506 Septem
413 2450 568 2493 fabula
598 2450 716 2505 (793)
748 2449 875 2492 velut
916 2463 1179 2504 praecursor
1219 2452 1286 2490 est
1327 2461 1510 2503 pompae
1541 2447 1608 2488 fu-

121 2519 283 2572 nebris,
326 2533 438 2576 quae
468 2536 509 2562 v.
543 2520 625 2562 861
658 2519 704 2561 in
737 2533 939 2562 scaenam
970 2517 1148 2560 incedit.
1210 2517 1348 2559 Porro
1382 2515 1497 2572 apud
1531 2516 1608 2559 So-

119 2587 323 2645 phoclem
351 2589 400 2631 in
430 2589 534 2632 Oed.
570 2604 664 2644 reg.
698 2604 739 2631 v.
774 2588 885 2630 1223
918 2587 1124 2640 ἐξάγγελος
1156 2587 1379 2629 Iocastam
1419 2588 1609 2628 mortem

122 2657 206 2700 sibi
237 2658 502 2701 conscivisse
525 2661 571 2701 et
595 2657 865 2713 Oedipodem
897 2656 981 2699 sibi
1013 2656 1161 2698 oculos
1195 2655 1402 2698 effodisse
1434 2657 1607 2707 narrat,

122 2726 281 2769 deinde
320 2727 488 2770 animos
529 2727 653 2770 chori
695 2729 740 2769 et
787 2729 1091 2782 spectatorum
1136 2724 1332 2768 intendit
1361 2724 1428 2766 his
1461 2724 1607 2766 verbis

123 2799 180 2848 (v.
214 2796 327 2838 1294
343 2796 421 2853 ss):

158 2877 279 2904 Harms·
1313 2866 1333 2896 4
