1889 3284
989 193 1044 234 22

387 311 513 353 Hanc
552 310 742 352 formam
780 309 1052 350 infirmatam
1092 307 1139 350 in
1180 322 1298 351 nova
1330 307 1554 351 comoedia
1587 307 1764 364 saepius

270 395 401 437 quam
434 381 622 422 formam
644 378 866 434 tragicam
887 379 1152 434 usurpatam
1186 392 1281 420 esse
1303 380 1648 420 consentaneum
1664 379 1764 420 est.

271 451 337 492 Ea
380 449 524 491 forma
566 448 751 501 comica,
805 447 927 490 cuius
976 461 1109 489 sonus
1158 446 1275 503 apud
1314 446 1670 503 Aristophanem
1713 449 1766 489 ut

269 520 336 562 ita
379 518 521 561 dicam
563 532 703 574 paene
748 516 950 559 scurrilis
993 522 1073 569 est,
1122 531 1209 558 non
1249 516 1386 558 nullis
1426 515 1536 559 locis
1567 515 1765 559 motione

270 590 522 644 affectuque
556 587 692 629 animi
735 586 910 642 tragico
952 585 1180 641 impletur,
1225 600 1312 642 qua
1355 585 1546 628 omnium
1578 600 1766 628 commo-

270 662 435 701 ventur
482 657 636 711 animi:
691 656 796 699 talis
845 659 915 699 est
959 656 1083 698 locus
1128 656 1328 712 Discept.
1373 672 1414 698 v,
1446 657 1530 698 487
1549 671 1630 709 ss.‚
1680 670 1764 713 quo

272 727 503 770 Charisius
546 726 781 783 egreditur
822 725 869 768 in
909 739 1111 768 scaenam
1143 727 1283 768 verba
1325 740 1469 768 secum
1498 724 1696 782 loquens,
1742 741 1765 768 e

270 797 429 853 quibus
462 797 651 839 maxime
683 812 781 839 eum
811 795 1093 853 paenitentia
1124 795 1324 852 torqueri
1356 797 1559 852 apparet.
1612 795 1765 838 Etiam

271 866 421 909 verbis
456 865 664 908 sollicitis
696 868 742 909 et
773 866 917 908 anxiis
951 865 1123 908 Cliniae
1165 865 1488 920 (Heautontim.
1522 865 1621 919 230)
1652 863 1766 906 nihil

276 936 409 989 inest,
443 935 560 991 quod
591 936 728 978 risum
760 938 953 978 moveat.

386 1011 533 1066 Magis
558 1011 767 1054 comicam
798 1011 937 1053 habet
968 1010 1058 1052 vim
1090 1010 1216 1056 πάθος
1248 1010 1361 1052 illud
1383 1009 1689 1067 paenitentiae
1719 1009 1766 1052 in

275 1080 435 1122 Bacch.
471 1080 640 1132 612ss.‚
686 1096 771 1136 quo
805 1079 901 1122 loco
935 1079 1233 1123 Mnesilochus
1266 1080 1361 1122 exit
1391 1084 1601 1131 maestus,
1647 1078 1766 1136 quod

268 1149 509 1192 Pistocleri
540 1149 669 1192 amici
702 1154 795 1192 tam
818 1163 976 1205 parum
999 1150 1264 1205 cognoverit
1287 1149 1478 1191 animum
1502 1175 1556 1179 ἡ*
1580 1151 1626 1192 et
1648 1148 1766 1205 quod

269 1233 425 1261 aurum
459 1220 582 1275 patri
614 1219 864 1261 reddiderit
897 1234 1034 1262 omne.

384 1295 438 1336 In
468 1294 583 1337 hunc
614 1294 789 1337 modum
829 1310 919 1337 non
949 1309 1188 1351 numquam
1224 1295 1271 1336 in
1302 1309 1461 1350 magno
1494 1294 1762 1345 discrimine,

269 1364 385 1420 quod
414 1364 605 1406 interest
636 1364 757 1406 inter
780 1378 1066 1420 personarum
1099 1364 1487 1419 perturbationem
1520 1366 1566 1406 et
1588 1377 1766 1406 causam

270 1448 356 1490 qua
389 1437 628 1489 tantopere
661 1436 1007 1486 commoventur,
1051 1434 1118 1476 vis
1152 1433 1317 1476 comica
1346 1434 1497 1490 posita
1528 1435 1608 1486 est,
1652 1447 1764 1490 quae

266 1503 516 1546 necessario
549 1503 826 1546 audientium
859 1503 976 1546 risus
1010 1504 1203 1546 excitat:

383 1578 438 1620 ln
469 1578 668 1635 Discept.
704 1579 786 1620 165
833 1594 992 1622 servus
1026 1579 1221 1622 Charisii
1252 1579 1484 1622 Onesimus
1529 1578 1574 1620 in
1607 1593 1764 1622 scaena

268 1648 561 1704 conspicitur3
616 1648 841 1704 queritur,
891 1648 1007 1705 quod
1051 1663 1215 1705 coquus
1258 1649 1381 1691 intus
1424 1651 1518 1690 tam
1562 1648 1763 1704 segniter

269 1733 375 1774 opus
409 1732 535 1759 suum
567 1718 784 1760 conficiat.

384 1793 521 1835 Initio
555 1797 680 1836 actus
712 1794 990 1850 insequentis
1023 1796 1079 1849 (v.
1113 1795 1214 1851 202)
1252 1794 1370 1837 idem
1401 1809 1546 1836 secum
1577 1793 1762 1850 loquens

269 1876 314 1905 se
346 1862 591 1905 identidem
622 1863 804 1905 anulum
837 1878 863 1905 a
885 1863 1067 1919 Syrisco
1101 1869 1331 1921 acceptum
1356 1863 1557 1906 Charisio
1587 1863 1762 1905 demon-

269 1934 519 1974 straturum
549 1932 701 1985 fuisse,
736 1932 814 1975 sed
845 1933 957 1975 nihil
987 1933 1231 1989 profecisse
1262 1936 1434 1976 narrat.

385 2013 439 2055 In
472 2029 513 2055 V.
537 2014 622 2055 384
652 2013 827 2070 aliquis,
862 2040 917 2044 —
949 2017 1058 2072 puto
1094 2030 1192 2058 eum
1224 2030 1408 2071 coquum
1442 2029 1551 2068 esse,
1579 2040 1631 2045 --
1654 2015 1762 2068 exit,

269 2083 344 2139 qui
380 2084 552 2124 ποικίλον
587 2083 756 2139 ἄριστον,
789 2085 907 2141 quod
938 2085 1061 2128 intus
1096 2085 1169 2137 sit,
1202 2084 1494 2127 lamentatur.

381 2165 436 2207 In
468 2181 507 2207 v.
541 2165 624 2207 432
657 2166 942 2209 Abrotonum
973 2166 1128 2222 prodit
1160 2166 1356 2209 sollicita
1389 2168 1434 2208 et
1467 2166 1612 2220 dubia,
1656 2165 1763 2222 quid

268 2232 418 2287 faciat,
465 2235 582 2291 quod
612 2235 761 2278 infans
794 2236 953 2279 misere
984 2236 1076 2289 fiet,
1118 2251 1262 2293 neque
1294 2236 1390 2289 scit,
1433 2251 1518 2292 quo
1550 2235 1666 2278 malo
1698 2235 1762 2278 la-

268 2304 408 2346 boret.

385 2379 527 2421 Andr.
546 2380 641 2421 175.
674 2379 829 2423 Davus
860 2380 987 2423 domo
1022 2381 1115 2424 exit
1147 2382 1450 2437 perturbatus,
1490 2406 1537 2411 —
1568 2381 1780 2437 imagine·

270 2447 429 2490 codicis
454 2448 576 2491 Leid.
610 2449 821 2492 Vossiani
845 2450 955 2492 3817
988 2450 1144 2493 Davus
1175 2452 1466 2508 perturbatus
1501 2453 1547 2493 et
1577 2449 1762 2493 brachia

269 2516 439 2559 iactans
473 2517 733 2573 depingitur
767 2518 837 2574 (cf.
872 2519 1024 2562 Bethii
1050 2519 1115 2563 ed.
1141 2520 1252 2562 1903
1284 2519 1495 2576 Lugduni
1524 2535 1568 2576 p.
1589 2519 1761 2575 XLIX)

269 2611 324 2615 m
357 2586 475 2641 quod
505 2587 691 2644 nuptiae
723 2587 946 2645 Pamphili
978 2591 1072 2632 tam
1103 2589 1252 2632 subito
1285 2592 1572 2646 apparentur.

384 2666 481 2709 Hae
512 2682 729 2724 personae
760 2694 816 2700 ——
850 2669 944 2712 fere
976 2670 1153 2712 infimae
1197 2671 1331 2713 sortis
1353 2696 1408 2701 —
1431 2670 1606 2713 casibus
1638 2671 1761 2713 vitae

272 2750 376 2778 suae
400 2736 653 2779 cotidianae
674 2737 880 2781 inanibus
903 2741 1073 2782 temere
1095 2739 1398 2794 concitantur;
1431 2740 1478 2782 in
1502 2739 1570 2783 his
1594 2740 1762 2783 scaenis

269 2805 385 2847 idem
416 2805 642 2861 ingenium
675 2807 791 2863 quod
823 2808 868 2849 in
900 2808 980 2851 illa
1011 2808 1206 2852 Nubium
1239 2823 1399 2852 scaena
1431 2809 1586 2866 spirat.
