1889 3284
1051 207 1104 248 16

683 324 714 362 ὦ
750 321 849 375 φάος
884 321 999 375 ἁγνὸν

777 408 848 445 ’[7ιὲ

680 460 825 507 πολλὰς
861 460 928 515 μὲν
964 462 1119 516 θρήνων
1152 459 1272 516 ᾠδάς,

679 390 743 431 καὶ
883 391 1047 445 ἰσόμοιρ’
1085 391 1173 446 ἀὴρ,
1209 393 1261 437 ὣς
1297 408 1361 445 μοι

683 529 827 576 πολλὰς
862 530 895 570 ‹3’
930 532 1106 585 ἀντήρεις
1139 527 1268 585 ᾔσθου

682 600 849 654 στέρνων
884 599 1033 653 πλαγὰς
1067 600 1383 655 αἱμασσομένων,

681 671 823 710 ὁπόταν
858 668 1030 724 δνοφερὰ
1061 670 1124 715 νὺξ
1159 671 1382 725 ὑπολειφθῇ
1405 703 1412 712 .
1438 703 1446 711 .
1473 703 1481 712 .
1816 720 1820 726 ι

335 738 507 780 Codicis
532 738 827 782 Laurentiani
850 738 1062 781 scholium
1094 739 1206 782 hanc
1239 739 1507 782 sententiam
1538 739 1592 782 de
1623 738 1691 781 his
1723 753 1823 782 ver-

334 807 399 849 bis
432 807 626 863 profert:
679 842 712 862 „.
732 842 739 850 .
760 842 768 850 .
788 807 871 849 ἐπεὶ
906 807 948 848 δὲ
980 809 1105 863 ἀηθές
1137 808 1218 850 ἐστι
1249 808 1342 864 πρὸς
1375 807 1462 855 τοὺς
1497 807 1639 855 θεατὰς
1671 811 1696 862 ἢ
1729 806 1823 862 πρὸς

338 876 479 930 ἑαυτὴν
513 880 635 918 ταῦτα
669 878 936 931 διαλέγεσθαι7
982 881 1033 925 ὡς
1068 879 1378 936 ἁπομεμφομένη
1412 880 1490 924 τοῖς
1527 880 1630 923 θεοῖς
1662 880 1687 932 ἢ
1723 877 1824 932 μάρ-

334 962 449 1001 τυρας
482 951 557 987 τῶν
594 947 751 1001 θρήνων
779 949 956 989 καλοῦσα
988 947 1081 1003 πρὸς
1113 947 1160 988 τὸ.
1184 950 1359 1003 στοιχεῖα
1382 949 1547 988 ποιεῖται
1578 946 1641 988 τὸν
1664 948 1821 1000 λόγονα.

333 1015 502 1058 Eadem
533 1016 709 1059 ratione
741 1017 967 1069 Wofffius,
1004 1017 1380 1060 Wilamowitzius
1413 1017 1581 1073 (Herm.
1616 1017 1681 1069 18,
1716 1016 1821 1058 215:

337 1084 437 1139 „Sic
459 1086 570 1127 tritt
596 1087 685 1139 auf,
721 1086 805 1129 den
827 1086 1093 1129 Elementen
1114 1087 1212 1130 ihre
1234 1087 1403 1130 Leiden
1434 1102 1490 1129 zu
1512 1086 1676 1142 klagen
1695 1119 1702 1128 .
1725 1119 1732 1127 .
1752 1085 1821 1141 .“)‚

334 1154 716 1198 VVolterstorffius
760 1156 876 1198 hunc
920 1156 1064 1198 locum
1094 1156 1380 1213 intellegunt.
1441 1156 1648 1213 Apparet
1678 1155 1823 1212 igitur

334 1223 562 1280 Sophoclis
606 1240 777 1282 quoque
822 1225 1020 1268 fabulam
1061 1225 1267 1269 exhibere
1308 1240 1546 1283 personam
1589 1224 1821 1268 elementis

334 1294 534 1336 miserias
568 1297 924 1351 conquerentem.
977 1294 1063 1338 Sed
1097 1311 1207 1338 unus
1239 1295 1310 1338 hic
1341 1295 1463 1338 locus
1496 1298 1565 1338 est
1598 1294 1717 1352 apud
1743 1294 1821 1337 So-

332 1363 553 1420 phoclem;
600 1367 647 1406 et
679 1364 796 1421 quod
826 1365 914 1407 iam
946 1365 1047 1408 inde
1079 1365 1280 1408 concludi
1310 1380 1439 1421 posse
1470 1364 1666 1417 videtur,
1708 1379 1822 1406 com-

333 1433 506 1489 paratis
538 1433 646 1476 locis
678 1434 890 1477 Electrae
922 1437 968 1477 et
999 1434 1182 1477 Medeae
1222 1434 1531 1477 confirmatur:
1580 1433 1821 1491 Sophocles

333 1517 421 1545 non
463 1503 551 1545 iam
597 1511 805 1546 accurate
850 1518 1025 1547 causam
1068 1504 1264 1547 indicare
1306 1504 1497 1558 debet1)‚
1542 1519 1649 1560 ergo
1690 1503 1823 1546 Euri-

332 1572 479 1628 pidem
509 1573 711 1629 sequitur
724 1574 768 1629 ²).

448 1642 575 1685 Hanc
615 1658 774 1686 novam
818 1646 954 1700 atque
998 1644 1245 1686 inauditam
1285 1644 1506 1687 rationem
1539 1643 1687 1686 aditus
1720 1657 1822 1699 pro-

333 1711 466 1753 bandi
489 1713 643 1755 statim
674 1727 701 1756 a
732 1713 877 1769 poetis
900 1716 1129 1769 arreptam
1161 1728 1255 1756 esse
1288 1716 1334 1757 et
1356 1716 1617 1770 usurpatam
1642 1715 1821 1768 praeter

333 1780 564 1836 Sophoclis
598 1782 845 1839 exemplum
878 1797 1012 1839 supra
1044 1783 1232 1825 allatum
1265 1783 1507 1826 ostendunt
1539 1782 1718 1831 scholia,
1764 1782 1820 1824 si-

333 1851 508 1906 quidem
539 1851 652 1905 inde,
701 1852 819 1909 quod
857 1852 1016 1895 horum
1047 1852 1240 1895 locorum
1280 1853 1403 1908 καλὴν
1439 1853 1599 1908 μίμησιν
1631 1851 1821 1894 laudant

332 1923 388 1974 (v.
424 1921 557 1964 schol.
591 1922 705 1964 Med.
739 1923 831 1978 57),
880 1922 927 1964 in
958 1923 1041 1966 hac
1072 1924 1246 1966 ratione
1279 1923 1427 1966 aditus
1459 1922 1677 1980 probandi
1708 1920 1822 1964 nihil

333 1990 541 2033 inusitati
574 1991 838 2035 scholiastas
873 1993 1059 2036 sensisse
1091 1992 1243 2048 colligi
1274 1996 1447 2049 potest3
1481 1995 1618 2049 atque
1649 1991 1820 2049 apertis

332 2061 479 2102 verbis
523 2061 720 2117 tragicos
764 2061 844 2104 hac
887 2077 1020 2106 causa
1063 2078 1166 2106 usos
1211 2077 1308 2106 esse
1351 2062 1563 2105 scholium
1594 2061 1760 2105 Phoen.
1796 2062 1816 2104 1

332 2132 546 2173 testatur.
596 2130 740 2184 Quid?
785 2131 943 2175 Nonne
964 2132 1175 2176 habemus
1197 2132 1516 2188 Aristophanis
1538 2131 1822 2189 praeclarum

332 2199 666 2242 testimonium?
726 2201 813 2254 Qui
852 2201 981 2244 initio
1014 2202 1255 2245 EcclesiaZ.
1288 2201 1593 2258 Praxagoram
1633 2200 1819 2243 ridicule

333 2268 415 2311 hoc
446 2270 674 2312 exordium
706 2271 1046 2328 detorquentem
1076 2271 1259 2323 inducit,
1306 2287 1401 2314 cum
1432 2286 1521 2314 non
1552 2270 1702 2324 solem,
1745 2269 1821 2313 sed.

333 2337 571 2391 lucernam,
606 2355 736 2396 quam
768 2344 937 2397 portat,
971 2341 1238 2397 alloquitur:

607 2405 656 2449 ΥΞ
687 2410 863 2466 λαμπρὸν
898 2411 1006 2465 ὄμμα
1037 2411 1380 2467 τοῦτροχηλάτου
1413 2411 1557 2464 λύχνου

610 2479 782 2520 κάλλιστ’
817 2482 855 2521 ἐν
889 2481 1130 2537 εὐστόχοισιν
1165 2481 1441 2536 ἐξηυρημένον.

459 2598 491 2635 1)
521 2594 622 2637 Quod
647 2597 821 2638 ¹quamvis
858 2608 1008 2640 parvum
1047 2609 1126 2633 esse
1160 2597 1329 2632 indicium
1365 2597 1538 2641 temporis
1575 2596 1724 2632 fabulae
1761 2596 1822 2630 So-

334 2653 507 2696 phocleae
534 2658 631 2697 puto.

454 2714 490 2756 2)
518 2712 559 2746 111
587 2713 673 2747 Eur.
702 2714 758 2747 El.
787 2727 815 2748 v.
844 2718 888 2749 54
918 2727 1009 2759 „nox
1037 2721 1128 2758 atra,
1165 2717 1353 2752 stellarum
1379 2717 1502 2751 nutrix
1529 2716 1741 2751 aurearum“
1770 2716 1821 2749 in-

334 2775 493 2815 vocatur,
522 2771 584 2806 sed
610 2771 761 2807 affectus
788 2785 861 2807 11011
889 2780 941 2808 est
970 2786 1079 2810 causa
1104 2775 1325 2820 prodeundi3
1358 2776 1505 2811 Electra
1530 2775 1622 2810 enim
1642 2778 1822 2818 aquatura

334 2830 498 2874 procedit
524 2842 650 2865 urnam
678 2842 796 2866 secum
823 2837 983 2876 portans.
