1889 3284
811 233 891 275 ‚19

395 348 454 404 ἄρ’
487 346 567 389 ἐστὶ
600 347 754 389 πάντων
787 347 979 402 ἀγρυπνία
1011 347 1256 388 λαλίστατον.

395 416 467 473 ἐμὲ
498 421 591 472 γοῦν
624 417 883 471 ἀναστήσασα
916 415 1024 471 δευρὶ
1057 415 1269 471 προάγεται

394 489 525 528 λαλεῖν
559 488 623 528 ἀπ’
656 487 784 542 ἀρχῆς
816 486 943 527 πάντα
974 484 1037 526 τὸν
1072 486 1242 540 ἐμαυτοῦ
1278 485 1371 540 βίον.

234 556 342 611 Quis
375 554 456 609 esti,
491 557 568 613 qui
597 556 666 599 his
698 556 845 599 verbis
879 556 1113 612 quicquam
1144 555 1301 607 inesse,
1345 553 1463 610 quod
1494 552 1613 596 veri-

116 628 260 669 tatem
300 626 574 683 egrediatur,
619 641 708 668 non
752 625 955 668 sentiat?
1027 625 1224 678 Iuvenis,
1272 624 1396 666 cuius
1440 622 1611 665 animus

115 698 354 754 tantopere
375 697 670 753 perturbatus
704 698 785 749 est,
818 710 906 738 non
937 697 1099 738 narrat
1133 696 1197 736 ἀπ
1231 696 1357 750 ἀρχῆς
1391 694 1516 734 πάντα
1549 691 1611 733 τὸν

115 766 258 808 ἑαυτοῦ
292 765 385 822 βίον.
450 765 580 819 Quod
609 765 718 808 haec
749 765 867 807 ratio
910 765 977 807 ita
1009 763 1213 807 adhibita
1244 763 1494 806 comoediae
1525 777 1613 805 non

116 838 225 892 apta
256 837 369 886 erat,
401 834 602 877 Philemo
625 839 795 891 poetas,
829 834 905 891 qui
928 833 1040 876 talia
1063 834 1345 890 scripserunt
1375 833 1470 876 iure
1495 832 1612 894 vitu-

117 904 363 963 peravit¹):
398 904 638 947 Mercator.
672 904 769 946 3ss.

261 995 374 1034 „non
406 994 488 1035 ego
520 979 629 1021 item
660 977 787 1032 facio,
823 981 876 1021 ut
906 978 1018 1021 alios
1051 978 1096 1020 in
1129 976 1365 1020 comoediis

254 1049 301 1093 vi
334 1048 425 1092 vidi
459 1048 623 1092 amoris
656 1048 817 1101 facere,
851 1048 927 1104 qui
959 1052 1037 1090 aut
1069 1046 1192 1089 nocti
1224 1049 1304 1089 aut
1336 1046 1406 1089 die

256 1120 337 1162 aut
368 1118 451 1162 soli
482 1120 562 1161 aut
591 1117 725 1160 lunae
754 1117 956 1160 miserias
987 1119 1178 1160 narrant
1211 1131 1333 1173 suas:

117 1258 336 1302 Stephanio:
374 1257 490 1302 „Quid
516 1257 568 1292 ita
581 1258 618 1291 ?“
672 1256 871 1292 Phaedria:
915 1257 983 1301 „Ut
1009 1257 1138 1300 solent,
1177 1267 1230 1290 me
1258 1266 1367 1290 curae
1394 1256 1531 1290 somnio
1559 1266 1611 1290 se-

1411 1319 1563 1359 gregant

115 1376 305 1420 Forasque
330 1375 448 1410 noctis
475 1375 636 1410 excitant
663 1375 842 1410 silentio.“

116 1435 340 1470 Ribbeckius
375 1438 474 1470 recte
514 1433 684 1469 adnotat:
739 1434 907 1478 „Initium
933 1433 1179 1468 Menandreae
1216 1433 1363 1468 fabulae
1389 1434 1611 1478 cognominis

115 1494 170 1529 ita
193 1493 356 1529 imitatus
382 1498 438 1528 est
463 1493 662 1538 Turpilius,
700 1498 741 1528 ut
766 1494 862 1528 servi
888 1493 1145 1537 Stephanionis
1183 1503 1339 1537 persona
1365 1493 1512 1527 inducta
1540 1503 1612 1527 mo-

117 1553 288 1597 nologum
312 1557 471 1587 mutaret
504 1553 542 1586 in
576 1552 813 1587 diverbium“.
864 1552 921 1586 Ex
956 1552 1024 1587 hoc
1062 1553 1174 1596 igitur
1209 1551 1414 1596 fragmento
1441 1551 1612 1588 discimus

115 1601 320 1656 Turpilium
345 1616 508 1647 secutum
535 1622 614 1647 esse
641 1617 756 1647 artem
783 1611 957 1654 Terentii,
997 1612 1058 1654 qui
1095 1612 1134 1646 in
1159 1611 1342 1646 nonnullis
1381 1612 1531 1654 scaenis,
1568 1622 1613 1646 ne

114 1682 208 1707 unus
242 1670 303 1706 diu
337 1672 521 1715 loquatur,
561 1671 713 1706 alteram
749 1682 941 1715 personam
981 1671 1025 1705 ab
1062 1670 1263 1715 exemplari
1289 1671 1428 1706 Graeco
1456 1671 1612 1706 alienam

114 1729 254 1765 inducit
297 1730 425 1776 (Andr.
454 1731 480 1773 1,
511 1733 547 1774 13
585 1731 679 1765 Eun.
706 1731 769 1772 111,
798 1733 818 1764 5
845 1734 881 1765 et
906 1731 948 1773 V,
976 1733 1013 1774 8)
1056 1731 1180 1774 itaque
1214 1729 1337 1773 efficit,
1375 1735 1415 1765 ut
1450 1731 1613 1765 narratio

115 1800 196 1825 esse
231 1791 326 1825 actio
363 1790 530 1825 scaenica
565 1789 741 1825 videatur.
794 1789 865 1825 Sed
890 1790 1076 1834 Turpilius
1113 1790 1181 1824 hac
1217 1790 1419 1824 imitatione
1458 1790 1612 1824 formam

115 1859 247 1885 causae
272 1849 380 1894 plane
406 1850 616 1894 corrumpit,
654 1849 789 1894 quippe
816 1859 908 1893 quae
934 1849 970 1883 in
998 1860 1038 1883 eo
1066 1849 1187 1893 posita
1214 1849 1270 1892 sit,
1299 1854 1337 1883 ut
1364 1859 1506 1893 semper
1532 1859 1611 1893 per-

114 1919 214 1953 sona,
242 1909 342 1944 cuius
369 1907 489 1944 aditus
516 1908 649 1944 affectu
675 1908 864 1952 probatur,
891 1909 970 1943 sola
995 1909 1032 1942 in
1051 1919 1219 1943 scaenam
1237 1908 1466 1952 ingrediatur
1490 1918 1611 1943 secum

116 1967 279 2012 loquens.
487 1955 493 1960 ’

236 2029 272 2071 1)
298 2027 420 2062 Etiam
444 2037 589 2062 causam
615 2026 783 2070 adeundi,
824 2037 930 2070 quam
965 2027 1090 2061 nutrix
1116 2026 1268 2062 Medeae
1303 2026 1450 2069 indicat,
1490 2027 1609 2061 irrise-

114 2089 201 2121 runt
238 2086 375 2121 comici.
433 2085 542 2130 Apud
578 2087 823 2121 Phi'emonem
863 2096 1000 2130 coquus
1039 2097 1082 2121 ea
1119 2086 1274 2121 ridicule
1312 2086 1461 2121 adhibet
1499 2086 1610 2121 verba

115 2146 263 2191 (Athen.
291 2146 368 2189 VII3
395 2148 464 2181 288
480 2145 539 2191 d):

392 2205 478 2240 ὥσθ’
506 2205 619 2252 ἵμερός
647 2205 681 2250 μ’
708 2205 838 2252 ϋπῆλθε
867 2210 907 2252 γῇ
935 2218 970 2239 τε
996 2205 1148 2251 κούρανῷ

392 2265 481 2305 λέξαι
508 2265 653 2310 μολόντα
678 2264 802 2311 τοῦψον
828 2265 876 2302 ὡς
903 2265 1075 2299 ἐσκεύασα.

114 2323 274 2369 (Fragm.
293 2326 356 2368 793
383 2324 428 2367 II,
447 2326 516 2360 500
542 2325 671 2369 Kock).
715 2323 823 2359 Haud
849 2324 956 2359 aliter
983 2324 1010 2357 T
1016 2324 1216 2368 heognetus
1243 2324 1362 2369 (Kock
1379 2324 1432 2357 III
1458 2322 1503 2358 fr.
1527 2327 1542 2357 l
1564 2340 1609 2353 z

115 2383 247 2418 Athen.
277 2386 343 2419 104
357 2384 389 2429 c)
413 2383 567 2419 Medeae
592 2384 711 2419 locum
737 2383 784 2418 ad
811 2384 1004 2418 cachinnos
1032 2382 1244 2418 excitandos
1271 2383 1480 2427 usurpavit:

391 2443 664 2490 πεφιλοσόφηκας
690 2448 730 2489 γῇ
757 2456 791 2477 τε
818 2443 972 2489 κούρανῷ
999 2443 1113 2476 λαλῶν

393 2504 441 2541 οἷς
467 2503 561 2537 οὐδέν
587 2504 671 2537 ἐστιν
697 2503 846 2548 ἐπιμελὲς
872 2507 941 2536 τῶν
969 2507 1036 2536 σῶν
1063 2503 1183 2548 λόγων.

117 2560 170 2596 Cf.
197 2561 307 2596 etiam
332 2562 564 2597 Pherecratis
591 2562 636 2597 fr.
667 2564 743 2604 193,
772 2563 833 2606 qui
859 2562 967 2606 soph.
996 2561 1052 2596 El.
1081 2574 1110 2596 v.
1138 2564 1183 2596 86
1198 2572 1244 2597 ss.
1272 2561 1479 2596 ludificatus
1506 2566 1571 2596 est.

234 2620 328 2656 Num
362 2622 490 2656 comici
523 2632 715 2667 perperam
751 2621 1013 2663 iudicaverunt,
1053 2632 1131 2657 cum
1169 2622 1270 2656 illum
1305 2621 1457 2656 Medeae
1491 2621 1610 2655 locum

115 2679 203 2715 iocis
229 2680 504 2725 improbarent?
555 2681 699 2716 Nutrici
725 2681 847 2726 potius
885 2691 1002 2716 sermo
1028 2681 1173 2715 humilis
1201 2685 1310 2725 atque
1336 2680 1500 2725 plebeius
1527 2691 1609 2715 con-

115 2739 224 2782 venit,
264 2739 325 2783 qui
358 2750 587 2784 nequaquam
623 2740 670 2775 ad
703 2739 930 2784 tragoediam
963 2751 1036 2775 non
1071 2739 1245 2784 quadrat3
1285 2750 1402 2785 neque
1437 2740 1530 2774 enim
1557 2740 1609 2774 vis

115 2797 337 2842 effectusque
362 2798 571 2834 fabularum
588 2799 874 2845 Aeschylearum
893 2798 1052 2835 custodis
1080 2800 1116 2834 in
1138 2802 1346 2844 Agamemn.
1373 2800 1429 2834 vel
1455 2798 1609 2834 nutricis

115 2856 154 2891 in
179 2857 381 2902 Choephor.
408 2859 528 2894 verbis
554 2859 788 2894 imminuitur.

1273 2919 1331 2961 2*
