<?xml version="1.0" encoding="UTF-8"?>
<!DOCTYPE html PUBLIC "-//W3C//DTD XHTML 1.0 Transitional//EN"
    "http://www.w3.org/TR/xhtml1/DTD/xhtml1-transitional.dtd">
<html xmlns="http://www.w3.org/1999/xhtml" xml:lang="en" lang="en">
 <head>
  <title>
</title>
<meta http-equiv="Content-Type" content="text/html;charset=utf-8" />
  <meta name='ocr-system' content='tesseract 3.04.00' />
  <meta name='ocr-capabilities' content='ocr_page ocr_carea ocr_par ocr_line ocrx_word'/>
</head>
<body>
  <div class='ocr_page' id='page_1' title='image "./deintroituperson00harmuoft_0069.png"; bbox 0 0 1889 3284; ppageno 0'>
   <div class='ocr_carea' id='block_1_1' title="bbox 480 755 1123 824">
    <p class='ocr_par' dir='ltr' id='par_1_1' title="bbox 480 755 1123 824">
     <span class='ocr_line' id='line_1_1' title="bbox 480 755 1123 824; baseline -0.003 -15"><span class='ocrx_word' id='word_1_1' title='bbox 480 755 820 824; x_wconf 76' lang='lat' dir='ltr'>Conspectus</span> <span class='ocrx_word' id='word_1_2' title='bbox 863 756 1123 823; x_wconf 69' lang='lat' dir='ltr'>capitum.</span> 
     </span>
    </p>
   </div>
   <div class='ocr_carea' id='block_1_2' title="bbox 71 876 1549 981">
    <p class='ocr_par' dir='ltr' id='par_1_2' title="bbox 71 876 1549 981">
     <span class='ocr_line' id='line_1_2' title="bbox 71 876 1549 923; baseline -0.003 -9"><span class='ocrx_word' id='word_1_3' title='bbox 71 879 189 923; x_wconf 84' lang='lat' dir='ltr'>Caput</span> <span class='ocrx_word' id='word_1_4' title='bbox 214 878 240 912; x_wconf 92' lang='lat' dir='ltr'>I.</span> <span class='ocrx_word' id='word_1_5' title='bbox 291 878 346 912; x_wconf 93' lang='lat' dir='ltr'>De</span> <span class='ocrx_word' id='word_1_6' title='bbox 373 878 462 913; x_wconf 88' lang='lat' dir='ltr'>locis</span> <span class='ocrx_word' id='word_1_7' title='bbox 489 878 620 922; x_wconf 86' lang='lat' dir='ltr'>quibus</span> <span class='ocrx_word' id='word_1_8' title='bbox 661 877 824 921; x_wconf 84' lang='lat' dir='ltr'>singulae</span> <span class='ocrx_word' id='word_1_9' title='bbox 862 887 1039 921; x_wconf 74' lang='lat' dir='ltr'>personae</span> <span class='ocrx_word' id='word_1_10' title='bbox 1079 876 1209 911; x_wconf 76' lang='lat' dir='ltr'>affectu</span> <span class='ocrx_word' id='word_1_11' title='bbox 1248 881 1443 911; x_wconf 81' lang='lat' dir='ltr'>commotae</span> <span class='ocrx_word' id='word_1_12' title='bbox 1468 887 1549 921; x_wconf 85' lang='lat' dir='ltr'>pro-</span> 
     </span>
     <span class='ocr_line' id='line_1_3' title="bbox 117 937 398 981; baseline -0.004 -9"><span class='ocrx_word' id='word_1_13' title='bbox 117 937 239 980; x_wconf 84' lang='lat' dir='ltr'>deunt,</span> <span class='ocrx_word' id='word_1_14' title='bbox 266 937 398 981; x_wconf 81' lang='lat' dir='ltr'>agitur.</span> 
     </span>
    </p>
   </div>
   <div class='ocr_carea' id='block_1_3' title="bbox 69 995 1554 2345">
    <p class='ocr_par' dir='ltr' id='par_1_3' title="bbox 69 995 1554 2345">
     <span class='ocr_line' id='line_1_4' title="bbox 211 995 484 1031; baseline 0 -1"><span class='ocrx_word' id='word_1_15' title='bbox 211 1007 243 1031; x_wconf 87' lang='lat' dir='ltr'>a.</span> <span class='ocrx_word' id='word_1_16' title='bbox 269 996 325 1031; x_wconf 87' lang='lat' dir='ltr'>De</span> <span class='ocrx_word' id='word_1_17' title='bbox 350 995 484 1031; x_wconf 90' lang='lat' dir='ltr'>dolore.</span> 
     </span>
     <span class='ocr_line' id='line_1_5' title="bbox 211 1054 659 1099; baseline -0.002 -10"><span class='ocrx_word' id='word_1_18' title='bbox 211 1056 245 1090; x_wconf 88' lang='lat' dir='ltr'>b.</span> <span class='ocrx_word' id='word_1_19' title='bbox 272 1055 327 1090; x_wconf 92' lang='lat' dir='ltr'>De</span> <span class='ocrx_word' id='word_1_20' title='bbox 353 1055 514 1099; x_wconf 81' lang='lat' dir='ltr'><strong>inquiete</strong></span> <span class='ocrx_word' id='word_1_21' title='bbox 539 1054 659 1089; x_wconf 84' lang='lat' dir='ltr'>animi.</span> 
     </span>
     <span class='ocr_line' id='line_1_6' title="bbox 219 1113 656 1149; baseline -0.005 0"><span class='ocrx_word' id='word_1_22' title='bbox 219 1126 246 1149; x_wconf 90' lang='lat' dir='ltr'>c.</span> <span class='ocrx_word' id='word_1_23' title='bbox 274 1115 330 1149; x_wconf 87' lang='lat' dir='ltr'>De</span> <span class='ocrx_word' id='word_1_24' title='bbox 356 1113 656 1149; x_wconf 82' lang='lat' dir='ltr'>consideratione.</span> 
     </span>
     <span class='ocr_line' id='line_1_7' title="bbox 211 1174 491 1210; baseline -0.011 0"><span class='ocrx_word' id='word_1_25' title='bbox 211 1174 244 1210; x_wconf 89' lang='lat' dir='ltr'>d.</span> <span class='ocrx_word' id='word_1_26' title='bbox 271 1174 327 1209; x_wconf 89' lang='lat' dir='ltr'>De</span> <span class='ocrx_word' id='word_1_27' title='bbox 351 1174 491 1208; x_wconf 83' lang='lat' dir='ltr'>timore.</span> 
     </span>
     <span class='ocr_line' id='line_1_8' title="bbox 217 1232 637 1277; baseline -0.007 -8"><span class='ocrx_word' id='word_1_28' title='bbox 217 1244 247 1269; x_wconf 86' lang='lat' dir='ltr'>e.</span> <span class='ocrx_word' id='word_1_29' title='bbox 275 1233 329 1268; x_wconf 91' lang='grc' dir='ltr'>ΒΘ</span> <span class='ocrx_word' id='word_1_30' title='bbox 355 1232 637 1277; x_wconf 80' lang='lat' dir='ltr'>exspectatione..</span> 
     </span>
     <span class='ocr_line' id='line_1_9' title="bbox 70 1290 1553 1339; baseline -0.003 -11"><span class='ocrx_word' id='word_1_31' title='bbox 70 1294 187 1339; x_wconf 85' lang='lat' dir='ltr'>Caput</span> <span class='ocrx_word' id='word_1_32' title='bbox 212 1293 258 1328; x_wconf 86' lang='lat'>11.</span> <span class='ocrx_word' id='word_1_33' title='bbox 309 1293 363 1328; x_wconf 92' lang='lat' dir='ltr'>De</span> <span class='ocrx_word' id='word_1_34' title='bbox 401 1293 502 1334; x_wconf 87' lang='lat' dir='ltr'>locis,</span> <span class='ocrx_word' id='word_1_35' title='bbox 541 1292 670 1336; x_wconf 85' lang='lat' dir='ltr'>quibus</span> <span class='ocrx_word' id='word_1_36' title='bbox 706 1291 798 1326; x_wconf 82' lang='lat' dir='ltr'>duae</span> <span class='ocrx_word' id='word_1_37' title='bbox 833 1302 1010 1336; x_wconf 72' lang='lat' dir='ltr'>personae</span> <span class='ocrx_word' id='word_1_38' title='bbox 1047 1291 1150 1326; x_wconf 87' lang='lat' dir='ltr'>simul</span> <span class='ocrx_word' id='word_1_39' title='bbox 1186 1291 1221 1324; x_wconf 90' lang='lat' dir='ltr'>in</span> <span class='ocrx_word' id='word_1_40' title='bbox 1248 1301 1410 1325; x_wconf 78' lang='lat' dir='ltr'>scaenam</span> <span class='ocrx_word' id='word_1_41' title='bbox 1438 1290 1553 1333; x_wconf 79' lang='lat' dir='ltr'>ingre-</span> 
     </span>
     <span class='ocr_line' id='line_1_10' title="bbox 117 1351 524 1397; baseline -0.002 -10"><span class='ocrx_word' id='word_1_42' title='bbox 117 1351 276 1397; x_wconf 84' lang='lat' dir='ltr'>diuntur,</span> <span class='ocrx_word' id='word_1_43' title='bbox 302 1352 524 1396; x_wconf 85' lang='lat' dir='ltr'>disputatur.</span> 
     </span>
     <span class='ocr_line' id='line_1_11' title="bbox 211 1411 707 1454; baseline -0.006 -7"><span class='ocrx_word' id='word_1_44' title='bbox 211 1423 245 1447; x_wconf 85' lang='lat' dir='ltr'>a.</span> <span class='ocrx_word' id='word_1_45' title='bbox 270 1412 325 1446; x_wconf 91' lang='lat' dir='ltr'>De</span> <span class='ocrx_word' id='word_1_46' title='bbox 351 1411 530 1454; x_wconf 88' lang='lat' dir='ltr'>colloquio</span> <span class='ocrx_word' id='word_1_47' title='bbox 558 1414 707 1445; x_wconf 85' lang='lat' dir='ltr'>secreto.</span> 
     </span>
     <span class='ocr_line' id='line_1_12' title="bbox 212 1469 1261 1515; baseline -0.003 -9"><span class='ocrx_word' id='word_1_48' title='bbox 212 1472 246 1506; x_wconf 91' lang='lat' dir='ltr'>b.</span> <span class='ocrx_word' id='word_1_49' title='bbox 273 1471 328 1505; x_wconf 93' lang='lat' dir='ltr'>De</span> <span class='ocrx_word' id='word_1_50' title='bbox 353 1470 571 1515; x_wconf 75' lang='lat' dir='ltr'>repetitione</span> <span class='ocrx_word' id='word_1_51' title='bbox 598 1469 767 1513; x_wconf 84' lang='lat' dir='ltr'>colloquii</span> <span class='ocrx_word' id='word_1_52' title='bbox 794 1474 895 1504; x_wconf 77' lang='lat' dir='ltr'>extra</span> <span class='ocrx_word' id='word_1_53' title='bbox 924 1479 1089 1504; x_wconf 76' lang='lat' dir='ltr'>scaenam</span> <span class='ocrx_word' id='word_1_54' title='bbox 1116 1469 1261 1513; x_wconf 69' lang='lat' dir='ltr'>incepti.</span> 
     </span>
     <span class='ocr_line' id='line_1_13' title="bbox 217 1528 1456 1574; baseline -0.004 -8"><span class='ocrx_word' id='word_1_55' title='bbox 217 1543 246 1566; x_wconf 90' lang='lat' dir='ltr'>c.</span> <span class='ocrx_word' id='word_1_56' title='bbox 273 1531 328 1565; x_wconf 90' lang='grc' dir='ltr'>ΒΘ</span> <span class='ocrx_word' id='word_1_57' title='bbox 353 1531 397 1565; x_wconf 90' lang='lat' dir='ltr'>iis</span> <span class='ocrx_word' id='word_1_58' title='bbox 423 1530 523 1574; x_wconf 87' lang='lat' dir='ltr'>locis,</span> <span class='ocrx_word' id='word_1_59' title='bbox 552 1530 682 1574; x_wconf 85' lang='lat' dir='ltr'>quibus</span> <span class='ocrx_word' id='word_1_60' title='bbox 711 1530 828 1564; x_wconf 80' lang='lat' dir='ltr'>altera</span> <span class='ocrx_word' id='word_1_61' title='bbox 853 1540 1010 1573; x_wconf 76' lang='lat' dir='ltr'>persona</span> <span class='ocrx_word' id='word_1_62' title='bbox 1037 1529 1188 1563; x_wconf 76' lang='lat' dir='ltr'>alteram</span> <span class='ocrx_word' id='word_1_63' title='bbox 1215 1528 1456 1570; x_wconf 70' lang='lat' dir='ltr'><strong>subsequitur.</strong></span> 
     </span>
     <span class='ocr_line' id='line_1_14' title="bbox 211 1588 1080 1633; baseline -0.003 -8"><span class='ocrx_word' id='word_1_64' title='bbox 211 1590 244 1625; x_wconf 87' lang='lat' dir='ltr'>d.</span> <span class='ocrx_word' id='word_1_65' title='bbox 273 1590 328 1625; x_wconf 89' lang='grc' dir='ltr'>ΒΘ</span> <span class='ocrx_word' id='word_1_66' title='bbox 355 1590 507 1632; x_wconf 82' lang='lat' dir='ltr'>scaenis,</span> <span class='ocrx_word' id='word_1_67' title='bbox 535 1589 571 1623; x_wconf 91' lang='lat' dir='ltr'>in</span> <span class='ocrx_word' id='word_1_68' title='bbox 599 1589 728 1632; x_wconf 86' lang='lat' dir='ltr'>quibus</span> <span class='ocrx_word' id='word_1_69' title='bbox 754 1589 936 1633; x_wconf 77' lang='lat' dir='ltr'><strong>negotium</strong></span> <span class='ocrx_word' id='word_1_70' title='bbox 964 1588 1080 1623; x_wconf 67' lang='lat' dir='ltr'>datur.</span> 
     </span>
     <span class='ocr_line' id='line_1_15' title="bbox 69 1649 449 1695; baseline -0.005 -10"><span class='ocrx_word' id='word_1_71' title='bbox 69 1650 188 1695; x_wconf 83' lang='lat' dir='ltr'>Caput</span> <span class='ocrx_word' id='word_1_72' title='bbox 213 1649 277 1684; x_wconf 93' lang='lat' dir='ltr'><strong>III.</strong></span> <span class='ocrx_word' id='word_1_73' title='bbox 326 1649 449 1684; x_wconf 85' lang='lat' dir='ltr'>Varia.</span> 
     </span>
     <span class='ocr_line' id='line_1_16' title="bbox 214 1705 1553 1752; baseline -0.004 -9"><span class='ocrx_word' id='word_1_74' title='bbox 214 1719 235 1743; x_wconf 83' lang='lat' dir='ltr'>a</span> <span class='ocrx_word' id='word_1_75' title='bbox 273 1709 328 1743; x_wconf 88' lang='grc' dir='ltr'>ΒΘ</span> <span class='ocrx_word' id='word_1_76' title='bbox 366 1709 410 1743; x_wconf 86' lang='lat' dir='ltr'>iis</span> <span class='ocrx_word' id='word_1_77' title='bbox 450 1708 551 1752; x_wconf 88' lang='lat' dir='ltr'>locis,</span> <span class='ocrx_word' id='word_1_78' title='bbox 592 1708 721 1751; x_wconf 89' lang='lat' dir='ltr'>quibus</span> <span class='ocrx_word' id='word_1_79' title='bbox 760 1718 937 1752; x_wconf 80' lang='lat' dir='ltr'>personae</span> <span class='ocrx_word' id='word_1_80' title='bbox 974 1717 1115 1741; x_wconf 82' lang='lat' dir='ltr'>rumore</span> <span class='ocrx_word' id='word_1_81' title='bbox 1150 1705 1192 1740; x_wconf 87' lang='lat' dir='ltr'>de</span> <span class='ocrx_word' id='word_1_82' title='bbox 1229 1706 1335 1740; x_wconf 88' lang='lat' dir='ltr'>rebus</span> <span class='ocrx_word' id='word_1_83' title='bbox 1362 1706 1396 1739; x_wconf 90' lang='lat' dir='ltr'>in</span> <span class='ocrx_word' id='word_1_84' title='bbox 1424 1715 1553 1740; x_wconf 76' lang='lat' dir='ltr'>scaena</span> 
     </span>
     <span class='ocr_line' id='line_1_17' title="bbox 307 1767 751 1812; baseline -0.005 -9"><span class='ocrx_word' id='word_1_85' title='bbox 307 1767 418 1812; x_wconf 84' lang='lat' dir='ltr'>gestis</span> <span class='ocrx_word' id='word_1_86' title='bbox 445 1767 568 1802; x_wconf 80' lang='lat' dir='ltr'>audito</span> <span class='ocrx_word' id='word_1_87' title='bbox 593 1767 751 1802; x_wconf 85' lang='lat' dir='ltr'>veniunt.</span> 
     </span>
     <span class='ocr_line' id='line_1_18' title="bbox 213 1825 969 1862; baseline -0.003 0"><span class='ocrx_word' id='word_1_88' title='bbox 213 1827 246 1862; x_wconf 92' lang='lat' dir='ltr'>b.</span> <span class='ocrx_word' id='word_1_89' title='bbox 273 1827 329 1862; x_wconf 88' lang='grc' dir='ltr'>ΒΘ</span> <span class='ocrx_word' id='word_1_90' title='bbox 355 1826 501 1862; x_wconf 83' lang='lat' dir='ltr'>defectu</span> <span class='ocrx_word' id='word_1_91' title='bbox 528 1837 660 1862; x_wconf 80' lang='lat' dir='ltr'>causae</span> <span class='ocrx_word' id='word_1_92' title='bbox 685 1826 825 1861; x_wconf 85' lang='lat' dir='ltr'>tardius</span> <span class='ocrx_word' id='word_1_93' title='bbox 852 1825 969 1860; x_wconf 90' lang='lat' dir='ltr'>eundi.</span> 
     </span>
     <span class='ocr_line' id='line_1_19' title="bbox 73 1883 1472 1932; baseline -0.005 -10"><span class='ocrx_word' id='word_1_94' title='bbox 73 1887 277 1932; x_wconf 61' lang='lat' dir='ltr'>Caputh.</span> <span class='ocrx_word' id='word_1_95' title='bbox 324 1887 380 1921; x_wconf 91' lang='lat' dir='ltr'>De</span> <span class='ocrx_word' id='word_1_96' title='bbox 406 1886 494 1922; x_wconf 83' lang='lat' dir='ltr'>locis</span> <span class='ocrx_word' id='word_1_97' title='bbox 521 1886 749 1928; x_wconf 82' lang='lat' dir='ltr'>comicorum,</span> <span class='ocrx_word' id='word_1_98' title='bbox 776 1886 837 1928; x_wconf 83' lang='lat' dir='ltr'>qui</span> <span class='ocrx_word' id='word_1_99' title='bbox 864 1895 973 1920; x_wconf 77' lang='lat' dir='ltr'>causa</span> <span class='ocrx_word' id='word_1_100' title='bbox 999 1883 1154 1919; x_wconf 84' lang='lat' dir='ltr'>adeundi</span> <span class='ocrx_word' id='word_1_101' title='bbox 1180 1888 1313 1927; x_wconf 71' lang='lat' dir='ltr'>carent,</span> <span class='ocrx_word' id='word_1_102' title='bbox 1343 1883 1472 1925; x_wconf 80' lang='lat' dir='ltr'>agitur.</span> 
     </span>
     <span class='ocr_line' id='line_1_20' title="bbox 214 1944 727 1991; baseline -0.004 -10"><span class='ocrx_word' id='word_1_103' title='bbox 214 1957 246 1981; x_wconf 85' lang='lat' dir='ltr'>a.</span> <span class='ocrx_word' id='word_1_104' title='bbox 272 1946 328 1981; x_wconf 88' lang='lat' dir='ltr'>De</span> <span class='ocrx_word' id='word_1_105' title='bbox 352 1956 589 1991; x_wconf 84' lang='lat' dir='ltr'>personarum</span> <span class='ocrx_word' id='word_1_106' title='bbox 616 1944 727 1979; x_wconf 83' lang='lat' dir='ltr'>aditu.</span> 
     </span>
     <span class='ocr_line' id='line_1_21' title="bbox 213 2004 633 2050; baseline -0.005 -10"><span class='ocrx_word' id='word_1_107' title='bbox 213 2005 246 2040; x_wconf 93' lang='lat' dir='ltr'>b.</span> <span class='ocrx_word' id='word_1_108' title='bbox 272 2004 331 2040; x_wconf 89' lang='grc' dir='ltr'>ΒΘ</span> <span class='ocrx_word' id='word_1_109' title='bbox 355 2005 498 2050; x_wconf 85' lang='lat' dir='ltr'>prologi</span> <span class='ocrx_word' id='word_1_110' title='bbox 522 2004 633 2039; x_wconf 83' lang='lat' dir='ltr'>aditu.</span> 
     </span>
     <span class='ocr_line' id='line_1_22' title="bbox 220 2063 595 2100; baseline -0.008 0"><span class='ocrx_word' id='word_1_111' title='bbox 220 2075 249 2100; x_wconf 91' lang='lat' dir='ltr'>c.</span> <span class='ocrx_word' id='word_1_112' title='bbox 275 2064 331 2099; x_wconf 88' lang='lat' dir='ltr'>De</span> <span class='ocrx_word' id='word_1_113' title='bbox 357 2064 459 2099; x_wconf 88' lang='lat' dir='ltr'>chori</span> <span class='ocrx_word' id='word_1_114' title='bbox 482 2063 595 2099; x_wconf 81' lang='lat' dir='ltr'>aditu.</span> 
     </span>
     <span class='ocr_line' id='line_1_23' title="bbox 72 2121 1096 2169; baseline -0.003 -10"><span class='ocrx_word' id='word_1_115' title='bbox 72 2124 191 2169; x_wconf 81' lang='lat' dir='ltr'>Caput</span> <span class='ocrx_word' id='word_1_116' title='bbox 215 2123 258 2159; x_wconf 92' lang='lat' dir='ltr'>V.</span> <span class='ocrx_word' id='word_1_117' title='bbox 308 2123 363 2158; x_wconf 89' lang='grc' dir='ltr'>ΒΘ</span> <span class='ocrx_word' id='word_1_118' title='bbox 390 2123 534 2163; x_wconf 84' lang='lat' dir='ltr'>comicis</span> <span class='ocrx_word' id='word_1_119' title='bbox 561 2122 818 2167; x_wconf 79' lang='lat' dir='ltr'>Aristophanis</span> <span class='ocrx_word' id='word_1_120' title='bbox 846 2121 1096 2156; x_wconf 79' lang='lat' dir='ltr'>sectatoribus.</span> 
     </span>
     <span class='ocr_line' id='line_1_24' title="bbox 214 2176 1554 2226; baseline -0.006 -8"><span class='ocrx_word' id='word_1_121' title='bbox 214 2193 246 2218; x_wconf 85' lang='lat' dir='ltr'>a.</span> <span class='ocrx_word' id='word_1_122' title='bbox 274 2183 328 2218; x_wconf 87' lang='lat' dir='ltr'>De</span> <span class='ocrx_word' id='word_1_123' title='bbox 365 2183 518 2226; x_wconf 82' lang='lat' dir='ltr'>scaenis,</span> <span class='ocrx_word' id='word_1_124' title='bbox 555 2183 592 2216; x_wconf 90' lang='lat' dir='ltr'>in</span> <span class='ocrx_word' id='word_1_125' title='bbox 631 2181 761 2226; x_wconf 89' lang='lat' dir='ltr'>quibus</span> <span class='ocrx_word' id='word_1_126' title='bbox 800 2191 977 2225; x_wconf 78' lang='lat' dir='ltr'>personae</span> <span class='ocrx_word' id='word_1_127' title='bbox 1014 2181 1050 2214; x_wconf 93' lang='lat' dir='ltr'>in</span> <span class='ocrx_word' id='word_1_128' title='bbox 1082 2180 1162 2223; x_wconf 82' lang='lat' dir='ltr'>ipsa</span> <span class='ocrx_word' id='word_1_129' title='bbox 1188 2179 1325 2213; x_wconf 82' lang='lat' dir='ltr'>demum</span> <span class='ocrx_word' id='word_1_130' title='bbox 1362 2188 1493 2212; x_wconf 77' lang='lat' dir='ltr'>scaena</span> <span class='ocrx_word' id='word_1_131' title='bbox 1518 2176 1554 2210; x_wconf 88' lang='lat' dir='ltr'>id</span> 
     </span>
     <span class='ocr_line' id='line_1_25' title="bbox 309 2237 1554 2283; baseline -0.006 -7"><span class='ocrx_word' id='word_1_132' title='bbox 309 2242 465 2276; x_wconf 84' lang='lat' dir='ltr'>animum</span> <span class='ocrx_word' id='word_1_133' title='bbox 490 2241 661 2276; x_wconf 85' lang='lat' dir='ltr'>inducere</span> <span class='ocrx_word' id='word_1_134' title='bbox 687 2240 865 2283; x_wconf 82' lang='lat' dir='ltr'>videntur,</span> <span class='ocrx_word' id='word_1_135' title='bbox 904 2251 972 2283; x_wconf 82' lang='lat' dir='ltr'>quo</span> <span class='ocrx_word' id='word_1_136' title='bbox 998 2249 1037 2273; x_wconf 84' lang='lat' dir='ltr'>re</span> <span class='ocrx_word' id='word_1_137' title='bbox 1064 2249 1158 2281; x_wconf 81' lang='lat' dir='ltr'>vera,</span> <span class='ocrx_word' id='word_1_138' title='bbox 1194 2242 1233 2272; x_wconf 84' lang='lat' dir='ltr'>ut</span> <span class='ocrx_word' id='word_1_139' title='bbox 1268 2247 1433 2272; x_wconf 68' lang='lat' dir='ltr'>scaenam</span> <span class='ocrx_word' id='word_1_140' title='bbox 1458 2237 1554 2270; x_wconf 80' lang='lat' dir='ltr'>intro</span> 
     </span>
     <span class='ocr_line' id='line_1_26' title="bbox 307 2301 757 2345; baseline -0.004 -9"><span class='ocrx_word' id='word_1_141' title='bbox 307 2301 415 2345; x_wconf 87' lang='lat' dir='ltr'>irent,</span> <span class='ocrx_word' id='word_1_142' title='bbox 443 2305 639 2336; x_wconf 79' lang='lat' dir='ltr'>commotae</span> <span class='ocrx_word' id='word_1_143' title='bbox 665 2306 757 2335; x_wconf 85' lang='lat' dir='ltr'>sunt.</span> 
     </span>
    </p>
   </div>
   <div class='ocr_carea' id='block_1_4' title="bbox 214 2358 877 2404">
    <p class='ocr_par' dir='ltr' id='par_1_4' title="bbox 214 2358 877 2404">
     <span class='ocr_line' id='line_1_27' title="bbox 214 2358 877 2404; baseline -0.006 -8"><span class='ocrx_word' id='word_1_144' title='bbox 214 2361 248 2396; x_wconf 95' lang='lat' dir='ltr'>b.</span> <span class='ocrx_word' id='word_1_145' title='bbox 274 2361 330 2395; x_wconf 90' lang='lat' dir='ltr'>De</span> <span class='ocrx_word' id='word_1_146' title='bbox 356 2360 506 2404; x_wconf 79' lang='lat' dir='ltr'>crapula</span> <span class='ocrx_word' id='word_1_147' title='bbox 532 2370 642 2395; x_wconf 82' lang='lat' dir='ltr'>causa</span> <span class='ocrx_word' id='word_1_148' title='bbox 668 2358 877 2403; x_wconf 86' lang='lat' dir='ltr'>prodeundi.</span> 
     </span>
    </p>
   </div>
  </div>
 </body>
</html>
