1889 3284
1019 191 1072 232 32

293 307 526 364 Aristoph.
561 307 648 349 Av.
681 322 722 349 v.
758 306 870 348 1118
886 320 962 358 ss.;
1008 318 1111 346 nam
1142 304 1283 360 primo
1317 306 1597 360 spectatores
1630 304 1782 360 paucis

294 378 346 420 de
380 379 510 419 rebus
544 376 664 418 intus
696 375 840 430 gestis
873 374 1088 417 certiores
1121 374 1246 427 fiunt,
1293 373 1450 416 deinde
1490 373 1650 417 vocula
1682 373 1782 414 ἀλλὰ

293 461 492 503 persona,
528 459 639 501 quae
663 444 786 496 exiit⁷
820 458 866 486 se
898 443 954 485 ad
987 457 1080 485 eam
1109 458 1214 495 rem,
1249 457 1336 499 qua
1357 445 1576 486 commota
1596 442 1782 499 prodiit,

292 518 474 559 revocat
506 517 553 557 et
583 514 786 565 miratur,
833 527 1014 555 curnam
1045 512 1095 566 is,
1140 527 1269 568 quem
1300 515 1545 569 exspectat,
1590 512 1784 555 nondum

293 585 422 627 adsit.
487 584 585 636 Qua
617 582 908 625 similitudine
939 582 1137 625 locorum
1180 581 1313 624 facile
1344 581 1505 624 adduci
1535 596 1784 638 possumus,

292 658 343 697 ut
385 653 653 696 comoediam
696 655 898 695 veterem
940 666 1082 694 novae
1127 651 1379 694 comoediae
1411 651 1612 708 exemplo
1644 651 1784 694 fuisse

293 724 364 766 vel
397 723 544 779 potius
575 722 690 764 hanc
722 736 900 764 causam
942 736 997 763 ex
1028 720 1255 763 comoedia
1287 724 1442 763 vetere
1485 735 1564 776 per
1595 720 1785 763 mediam

293 793 472 835 fluxisse
516 792 561 833 in
603 805 764 834 novam
807 793 1025 847 putemus.
1089 790 1213 842 Quae
1258 790 1449 847 suspicio
1493 790 1785 833 confirmatur

292 863 388 904 loco
421 861 656 917 Diphileae
692 860 916 903 Rudentis
949 862 1228 916 comparato:

409 930 523 973 Rud.
557 946 598 973 v.
632 930 728 972 892.
778 929 1024 972 Daemones
1069 929 1161 971 exit
1206 944 1351 972 secum
1394 929 1593 985 loquens,
1639 928 1785 985 primo

294 1016 339 1043 se
371 1000 565 1056 gaudere
598 1000 720 1052 dicit,
754 999 870 1055 quod
903 999 1011 1041 duas
1045 998 1178 1041 scitas
1203 998 1442 1041 clientulas
1466 997 1584 1040 domi
1607 998 1782 1051 habeat⁷

292 1072 452 1127 postea
483 1070 678 1112 miratur
709 1069 981 1126 piscatorem
1013 1066 1215 1124 Gripum,
1266 1068 1342 1124 qui
1385 1083 1539 1111 servus
1573 1067 1664 1110 eius
1699 1068 1785 1120 est,

293 1140 460 1182 morari
491 1142 585 1182 tam
618 1139 714 1181 diu:

1887 1067 1889 1082 A
1881 992 1889 1014 An
1875 720 1889 975 ..Ξ””’-1Ὰ,Δ..;ι..ι1.ιὲρ.,.·,.
1882 705 1886 710 -
1878 657 1885 688 J„
1881 625 1885 638 μ
1879 588 1885 614 η..
1881 562 1885 577 ἡ
1877 523 1884 538 .·
1877 471 1883 485 r:
1871 372 1883 460 „AL-n..
1872 310 1882 362 mex-«⁴

322 1237 361 1263 v.
396 1222 479 1263 892
531 1221 850 1275 „Benefactum
883 1222 929 1263 et
960 1220 1095 1276 volup
1128 1222 1196 1263 est
1239 1219 1474 1262 ,111011οᾶ10
1505 1219 1574 1262 his
1606 1218 1786 1261 mulier-

1617 1288 1728 1331 culis

533 1359 761 1403 Tetulisse
793 1358 1034 1401 auxilium.
1063 1392 1069 1399 .
1096 1391 1103 1399 .

395 1431 479 1472 897
531 1429 636 1472 Sed
669 1429 835 1485 Gripus
869 1443 1024 1471 servus
1055 1430 1212 1470 noster
1247 1426 1353 1483 quid
1384 1442 1534 1470 rerum
1565 1430 1709 1483 gerat,

531 1498 685 1551 Miror,
720 1498 773 1540 de
804 1500 935 1540 nocte
968 1497 1042 1553 qui
1074 1496 1186 1540 abiit
1218 1497 1437 1553 piscatum
1469 1496 1526 1539 ad
1558 1499 1721 1540 mare“.

292 1570 416 1626 Ergo
462 1569 574 1611 hanc
616 1569 661 1610 in
694 1568 860 1611 fabulis
905 1581 1048 1610 novae
1091 1567 1345 1610 comoediae
1378 1581 1554 1610 causam
1596 1582 1686 1609 non
1732 1581 1786 1610 ex

293 1639 509 1695 Euripide
541 1638 723 1680 fluxisse
755 1638 967 1680 arbitror.

410 1709 507 1750 Duo
539 1710 726 1764 praeter
760 1706 1052 1749 Heautontim
1085 1722 1126 1747 v.
1160 1707 1243 1748 879
1262 1721 1315 1748 ss.
1349 1705 1447 1759 1001,
1479 1705 1637 1762 quibus
1665 1706 1787 1750 Men·

295 1778 432 1821 ander
454 1777 789 1834 exspectatione
810 1777 958 1819 utitur
982 1790 1115 1819 causa
1138 1775 1342 1829 adeundi,
1377 1775 1622 1818 Heautont.
1645 1791 1685 1818 v.
1704 1776 1787 1818 614

295 1848 412 1901 (⁴519)
446 1850 491 1889 et
523 1846 609 1889 Ad.
633 1847 731 1899 889,
765 1861 953 1903 prorsus
986 1845 1164 1888 diversa
1188 1845 1365 1888 ratione
1387 1845 1590 1888 instituti
1623 1848 1729 1888 sunt
1743 1845 1786 1902 ¹).

418 1986 451 2026 1)
479 1982 578 2016 Haec
605 1992 715 2016 causa
751 1985 835 2025 post
861 1980 1099 2015 Menandrum
1131 1980 1244 2014 multo
1271 1981 1416 2024 saepius
1443 1979 1586 2014 videtur
1611 1986 1790 2025 usurpata

297 2052 393 2076 esse:
434 2041 540 2075 Truc.
569 2043 647 2083 669,
686 2041 803 2075 Casin.
832 2043 911 2075 538.
939 2042 1017 2074 591.
1046 2042 1124 2075 855,
1160 2040 1259 2074 ·Μο11.
1289 2042 1367 2082 704,
1402 2039 1509 2084 Epid.
1537 2041 1616 2084 607,
1644 2040 1787 2076 Phorm.

297 2104 375 2136 00⁴5.
418 2105 577 2143 Quorum
613 2090 773 2134 locorum
810 2100 973 2134 nonnulli
1008 2100 1103 2134 inter
1138 2110 1176 2134 se
1211 2104 1424 2143 congruunt.
1485 2100 1660 2134 Conferas
1698 2100 1791 2134 enim

298 2170 436 2203 quaeso

394 2219 488 2253 Men.
518 2220 601 2252 704:

444 2277 708 2321 „provisam
737 2288 869 2320 quam
894 2288 993 2311 mox
1020 2277 1074 2311 vir
1100 2287 1198 2311 meus
1226 2275 1353 2311 redeat
1379 2276 1532 2311 domum.

441 2336 521 2370 sed
547 2346 669 2370 eccum
695 2336 832 2370 video“.

396 2395 538 2429 Phorm.
566 2397 655 2429 606:

443 2454 710 2497 „Exspecto
740 2465 871 2497 quam
899 2465 996 2488 mox
1024 2453 1180 2498 recipiat
1207 2463 1286 2488 sese
1313 2453 1415 2488 Geta.

442 2512 522 2547 sed
548 2517 716 2556 patruom
744 2513 846 2547 video
874 2524 953 2548 cum
980 2516 1085 2557 patre
1111 2514 1326 2547 astantem“.

395 2571 459 2605 Ad.
488 2574 574 2606 889:

446 2631 552 2675 ,‚Era‚
581 2642 645 2674 ego
673 2632 742 2665 huc
769 2631 814 2665 ad
841 2632 906 2666 hos
933 2632 1150 2676 proviso,
1181 2641 1316 2674 quam
1342 2642 1439 2665 mox
1464 2631 1638 2675 virginem

443 2694 641 2724 accersant.
671 2690 753 2725 sed
781 2701 902 2724 eccum
929 2691 1109 2725 Demeam.
1138 2692 1256 2725 salvos
1285 2690 1390 2725 sies“.

302 2748 463 2783 Eandem
490 2749 682 2783 formulam
710 2760 831 2784 omnes
859 2754 933 2784 tres
960 2750 1131 2784 exhibent
1157 2749 1244 2784 loci:
1288 2749 1454 2793 „proviso
1482 2759 1588 2793 quam
1615 2749 1789 2788 mox...“

302 2807 442 2841 Deinde
457 2818 580 2842 versus
601 2819 689 2852 quos
717 2819 759 2843 ex
780 2809 921 2843 Phorm.
942 2813 978 2843 et
995 2808 1147 2853 Adelph.
1176 2808 1295 2852 attuli,
1323 2819 1401 2842 cum
1426 2808 1504 2843 loco
1524 2807 1663 2851 Epidio.
1683 2809 1751 2842 607
1762 2818 1789 2842 5.
