1889 3284
273 810 464 854 Constat
506 823 667 852 novam
713 823 826 864 quae
858 808 1023 851 dicitur
1057 808 1326 852 comoediam
1368 809 1518 866 potius
1558 812 1651 852 tra-

155 879 342 937 goediae
373 879 644 936 Euripideae
675 892 805 935 quam
826 878 993 921 veteris
1018 878 1270 922 comoediae
1291 879 1482 922 formam
1514 884 1650 936 atque

154 949 377 993 rationem
408 950 604 992 secutam
636 962 734 991 esse
751 949 794 1002 ¹).
856 947 1081 1005 Imprimis
1105 951 1255 991 autem
1276 947 1520 991 Menander
1551 963 1649 992 con-

155 1019 275 1062 sulto
309 1017 569 1075 Euripidem
600 1017 806 1060 imitatus
840 1019 923 1060 est.
988 1017 1117 1070 Quod
1149 1032 1243 1060 cum
1277 1017 1363 1060 iam
1395 1020 1529 1060 antea
1562 1033 1650 1061 om-

154 1088 285 1132 nibus
317 1087 427 1132 viris
451 1087 593 1130 doctis
614 1089 772 1130 notum
794 1092 892 1129 erat
915 1086 1120 1140 (Quintil.
1144 1086 1289 1130 instit.
1315 1090 1431 1130 orat.
1456 1088 1511 1130 X.
1536 1088 1572 1140 1,
1595 1089 1649 1131 69

158 1158 398 1213 „Imitatus
419 1157 608 1200 maxime
631 1162 713 1210 est,
747 1159 799 1199 ut
823 1170 954 1212 saepe
978 1158 1194 1210 testatur,
1218 1159 1264 1199 et
1287 1159 1475 1209 secutus,
1501 1171 1650 1215 quam-

154 1242 285 1285 quam
315 1227 362 1270 in
395 1241 530 1284 opere
561 1226 752 1280 diverso,
786 1226 1027 1269 Menander
1060 1260 1068 1268 .
1104 1260 1112 1268 .
1148 1226 1217 1281 .“)‚
1262 1228 1369 1280 tum,
1414 1233 1649 1284 postquam

154 1296 371 1354 reliquiae
415 1296 730 1339 nonnullarum
774 1295 1008 1339 Menandri
1050 1295 1306 1339 fabularum
1349 1311 1375 1339 a
1406 1297 1649 1340 Lefeburio

154 1381 270 1410 anno
303 1366 415 1408 1905
448 1365 652 1409 detectae
685 1368 801 1418 sunt,
834 1365 967 1422 plane
999 1365 1226 1421 cognitum
1249 1368 1329 1409 est.
1391 1366 1446 1408 In
1468 1367 1649 1424 Discep-

153 1436 359 1479 tantibus
407 1435 522 1478 enim
568 1435 724 1478 fabula
771 1437 1085 1491 argumentum
1131 1435 1254 1478 illius
1308 1450 1504 1489 scaenae,
1563 1451 1650 1493 qua

155 1506 327 1550 factum
370 1508 451 1557 est,
509 1508 562 1548 ut
605 1505 850 1548 Menander
896 1505 1009 1548 hunc
1055 1505 1244 1548 indicem
1286 1507 1341 1549 ab
1385 1509 1648 1562 argumento

153 1575 297 1619 totius
329 1574 511 1618 fabulae
542 1589 726 1631 prorsus
760 1575 952 1618 alienum
986 1574 1191 1631 eligeret,
1225 1575 1433 1618 haustum
1466 1590 1561 1618 esse
1594 1592 1649 1619 ex

153 1645 299 1702 Alope
342 1644 497 1687 fabula
540 1644 771 1702 Euripidis
816 1644 1098 1687 intellectum
1142 1648 1212 1688 est
1255 1644 1510 1688 iamdudum
1541 1645 1647 1701 (vid.

152 1714 316 1757 Koert.
362 1713 504 1771 praef.
565 1728 667 1771 pag.
712 1715 766 1755 22
811 1716 858 1756 et
902 1714 956 1756 H.
999 1714 1175 1768 Fischl.,
1240 1714 1390 1758 Herm.
1437 1716 1505 1767 43,
1526 1715 1645 1769 311>;

154 1783 312 1827 deinde
342 1798 562 1841 personae
592 1783 892 1827 Menandreae
927 1783 1160 1841 Euripidis
1194 1784 1369 1828 fabulas
1400 1790 1648 1842 pernorunt

153 1856 200 1896 et
231 1868 389 1897 versus
431 1854 644 1906 afferunt,
692 1869 727 1896 e.
760 1869 829 1910 gr.
866 1853 1101 1911 Sophrona
1132 1869 1290 1898 versus
1324 1869 1378 1897 ex
1410 1855 1540 1911 Auge
1573 1855 1647 1898 de-

154 1925 355 1980 sumptos
399 1923 537 1966 affert
577 1923 714 1979 (Disc.
747 1923 862 1977 583).
926 1923 1044 1976 Quid
1087 1924 1206 1980 quod
1248 1923 1383 1967 etiam
1427 1924 1646 1980 expositio

151 1992 333 2035 fabulae
357 1992 656 2036 Menandreae
687 1994 1001 2049 argumentum
1032 1992 1214 2036 fabulae
1234 1993 1509 2051 Euripideae
1539 1994 1648 2036 mihi

152 2061 327 2119 quidem
350 2062 395 2105 in
417 2064 609 2106 mentem
634 2062 848 2106 revocat?
910 2063 1070 2106 Nonne
1092 2063 1259 2120 optime
1280 2078 1377 2106 cum
1398 2062 1645 2107 Menandro

152 2131 389 2175 concinunt
433 2133 573 2175 verba
615 2147 669 2174 ex
711 2132 846 2175 Mosis
881 2132 1174 2176 Chorenensis
1206 2132 1455 2189 Progymn.
1488 2132 1645 2186 allata,

151 2215 265 2257 quae
296 2201 416 2258 apud
446 2202 671 2258 Angelum
693 2202 856 2244 Maium
889 2202 946 2245 ad
977 2202 1163 2245 Eusebii
1195 2202 1436 2245 editionem
1468 2203 1645 2246 Mediol.

150 2271 237 2313 294
267 2270 488 2324 (Meineke
520 2286 626 2314 com.
658 2271 714 2325 V,
746 2272 820 2326 57)
851 2272 1092 2328 leguntur:

158 2339 287 2393 „dum
329 2340 376 2382 in
417 2340 642 2384 Arcadiae
686 2341 877 2397 quadam
919 2343 1028 2384 urbe
1072 2342 1236 2384 festum
1268 2341 1499 2385 Minervae
1532 2341 1644 2385 cele-

151 2411 378 2464 braretur,
411 2425 508 2453 cum
540 2410 736 2453 eiusdem
769 2410 1002 2454 sacerdote
1024 2411 1185 2467 Augea
1209 2411 1312 2454 Alei
1336 2411 1430 2455 filia
1460 2411 1644 2455 choreas

149 2479 198 2521 in
227 2479 456 2523 nocturnis
489 2480 626 2523 sacris
649 2481 865 2539 'agitante
897 2495 991 2523 rem
1022 2480 1241 2524 Hercules
1273 2480 1444 2534 habuit,
1491 2481 1567 2538 qui
1598 2484 1645 2524 et

150 2547 281 2591 huius
313 2548 620 2592 furtitestem
651 2549 838 2605 reliquit
870 2549 910 2592 ei
942 2549 1122 2592 anulum
1157 2583 1164 2592 .
1198 2583 1208 2593 .
1243 2553 1277 2592 .“
1298 2551 1341 2606 2).

271 2666 306 2710 1)
334 2664 387 2699 Cf.
414 2665 489 2700 Leo
516 2666 598 2700 hist.
626 2666 738 2700 litter.
766 2666 868 2700 Rom.
896 2665 922 2708 Ι,
951 2676 1029 2710 cap.
1057 2667 1148 2709 Ὧι)

268 2724 305 2769 2)
331 2724 408 2759 Hoc
447 2729 698 2769 argumentum
724 2725 929 2760 Meinekius
968 2736 1011 2759 ex
1048 2725 1233 2761 comoedia
1271 2726 1395 2769 aliqua
1434 2725 1644 2770 profectum

151 2793 230 2818 esse
255 2783 407 2827 putavit,
435 2782 499 2818 sed
524 2783 823 2818 Wilamowitzius
851 2784 1033 2829 (Analect.
1061 2784 1187 2828 Eurip.
1216 2795 1298 2829 pag.
1320 2787 1385 2819 186
1399 2786 1463 2826 ss.)
1490 2785 1569 2820 iure
1596 2785 1642 2820 de
