1889 3284
803 234 878 276 ,23

216 352 320 396 Non
361 353 602 407 tantopere
647 353 889 393 commotus
935 349 1028 392 exit
1073 348 1320 392 Aeschinus
1365 347 1451 390 Ad.
1494 348 1591 399 899,

98 436 250 465 morae
281 419 532 478 impatiens,
565 419 681 476 quod
712 419 897 476 nuptiae
928 418 1058 461 nimis
1092 418 1167 460 diu
1199 421 1489 474 apparentur.

215 501 458 559 Interdum·
492 501 684 557 impetus
728 500 863 543 animi
896 500 1031 542 etiam
1063 499 1139 542 diu
1169 499 1414 556 praeteriit
1458 501 1592 554 atque

98 571 328 629 paululum
359 573 537 614 tantum
568 570 697 613 velut
727 572 933 613 resonat:

213 646 371 690 Bacch.
390 647 488 688 770.
543 645 786 688 Nicobulus
827 645 1002 687 domum
1034 644 1272 700 relinquit;
1321 658 1457 699 aegre
1498 643 1593 685 fert

98 730 144 759 se
175 715 445 772 Chrysalum
486 715 646 772 punire
688 730 777 758 non
820 729 963 772 posse.
1028 713 1190 756 Notari
1231 716 1380 756 autem
1413 715 1592 769 oportet

97 801 195 829 eum
239 786 326 829 iam
370 788 476 829 ante
519 801 560 829 v.
595 786 679 828 530
723 787 774 828 ut
807 784 1059 840 Chrysalus
1104 783 1294 840 impunis
1340 783 1462 825 foret
1494 797 1591 824 con-

98 870 294 899 66331336.

211 937 324 979 Eun.
348 937 416 979 81.
468 937 603 979 Thais
635 936 763 978 domo
796 936 1001 992 procedit
1034 938 1080 978 et
1112 935 1222 977 dicit
1254 949 1298 977 se
1331 934 1504 986 timere,
1538 947 1591 975 ne

101 1006 325 1049 Phaedria
357 1020 491 1062 aegre
523 1005 696 1059 tulerit,
731 1005 847 1061 quod
879 1005 978 1048 heri
1009 1020 1096 1047 non
1128 1004 1414 1046 intromissus
1449 1003 1520 1045 sit.

155 1117 159 1123 -
213 1087 406 1130 Cunctos
429 1086 549 1129 locos
573 1101 682 1143 quos
705 1078 948 1142 hucusque
973 1085 1111 1129 attuli
1134 1101 1230 1128 cum
1247 1085 1589 1141 perlustramus,

96 1171 148 1200 ea
180 1171 228 1199 re
259 1156 508 1213 persimiles
542 1170 640 1199 esse
671 1156 986 1212 cognoscimus,
1020 1155 1137 1212 quod
1166 1169 1384 1212 personae
1417 1169 1591 1210 semper

94 1240 145 1269 re
175 1226 308 1282 gravi
352 1240 402 1268 36
436 1225 626 1268 molesta
657 1226 949 1282 perturbatae
993 1226 1117 1267 foras
1150 1229 1327 1277 exeunt,
1375 1238 1591 1279 nusquam

94 1295 257 1351 gaudio
291 1295 437 1338 elatae
470 1298 586 1338 sunt.
649 1295 779 1338 Licet
810 1296 998 1338 affectus
1041 1295 1168 1337 huius
1208 1294 1422 1336 introitus
1456 1308 1590 1350 quan-

93 1364 260 1407 tumvis
306 1365 565 1407 imminutus
611 1365 693 1418 sit,
749 1364 993 1407 Menander
1036 1367 1081 1406 et
1130 1363 1365 1420 Euripides
1410 1363 1489 1404 1136
1543 1377 1589 1405 re

94 1434 216 1477 inter
248 1449 293 1477 se
325 1449 412 1477 non
444 1434 674 1476 differunt.
733 1434 858 1487 Quae
893 1433 1140 1476 similitudo
1172 1448 1261 1475 non
1293 1433 1338 1474 in
1372 1432 1589 1474 electione

94 1505 274 1546 tantum
307 1503 516 1557 locorum,
562 1503 678 1560 quod
710 1504 930 1560 suspicari
963 1505 1120 1560 possis,
1154 1503 1305 1559 posita
1337 1505 1420 1545 est.
1482 1502 1587 1544 Per-

92 1573 223 1629 pauci
263 1575 448 1616 exstant
488 1573 587 1625 1061,
632 1574 791 1630 quibus
835 1573 1016 1615 laetitia
1046 1573 1245 1616 homines
1293 1572 1424 1614 aedes
1457 1571 1591 1614 relin-

92 1657 230 1699 quere
280 1644 515 1699 coguntur.
595 1643 731 1699 Apud
780 1643 1072 1685 Menandrum
1124 1643 1229 1685 novi
1280 1642 1396 1684 hunc
1444 1657 1587 1695 unum,

92 1713 228 1768 atque
259 1712 296 1754 is
329 1711 480 1768 aliqua
511 1727 559 1755 re
591 1712 820 1755 dissimilis
854 1719 921 1755 est
953 1713 1062 1755 locis
1095 1712 1271 1755 allatis:
1326 1712 1438 1754 Eun.
1464 1712 1587 1754 1031.

61 1780 294 1824 ‘Chaerea
336 1781 383 1823 in
428 1781 625 1837 plateam
671 1782 854 1838 proruit
900 1785 946 1824 et
997 1781 1161 1838 gaudio
1215 1781 1445 1824 exsultans
1493 1781 1588 1823 uni-

91 1850 233 1894 versis
284 1850 574 1907 popularibus
626 1852 834 1894 enuntiat
885 1852 1127 1895 fortunam.
1211 1851 1422 1894 Omnibus
1476 1866 1584 1907 quos

92 1919 235 1963 adhuc
275 1920 414 1964 attuli
455 1920 565 1964 locis
608 1921 806 1965 homines
851 1936 1030 1965 causam
1061 1921 1420 1978 perturbationis
1455 1921 1589 1963 animi

90 1993 282 2032 naturae
333 1993 573 2043 enarrant,
625 1991 707 2033 hoc
753 1991 848 2034 loco
896 1991 1070 2034 iuvenis
1117 2006 1189 2034 res
1231 1991 1445 2034 secundas
1493 2006 1589 2033 cum

91 2058 339 2102 hominibus
385 2060 709 2104 communicare
755 2062 890 2118 cupit.
955 2061 1104 2114 Quare
1147 2061 1463 2117 cognoscimus,
1512 2075 1589 2102 cur

91 2130 184 2171 tam
216 2143 320 2172 raro
354 2129 533 2173 laetitia
573 2131 634 2173 sit
675 2145 810 2173 causa
840 2131 1055 2188 adeundi:
1107 2130 1306 2173 homines
1348 2131 1459 2173 laeti
1501 2145 1588 2173 non

92 2197 399 2249 solitudinem,
463 2200 540 2242 sed
591 2199 788 2243 homines
841 2204 1085 2257 quaerunt,
1149 2201 1307 2257 quibus
1361 2201 1588 2242 fortunam

93 2267 319 2311 nuntient.

208 2349 304 2392 Iam
346 2350 456 2393 satis
498 2350 551 2393 de
584 2350 842 2394 Menandro.
906 2351 975 2394 Ex
1006 2351 1280 2394 Philemonis
1323 2351 1431 2393 locis
1475 2351 1587 2392 nihil

92 2419 198 2461 novi
229 2418 520 2463 addiscimus:

210 2493 448 2538 Mercator.
486 2496 581 2538 700.
625 2495 828 2553 Dorippa
861 2497 976 2548 exit;
1010 2490 1280 2539 adulterium
1314 2496 1403 2539 viri
1435 2511 1481 2539 se
1513 2496 1585 2538 de-

91 2564 259 2606 texisse
289 2567 392 2608 rata
415 2566 618 2620 queritur
639 2566 867 2609 miseriam
889 2580 1023 2608 suam.
1072 2565 1289 2609 Versibus
1311 2566 1431 2609 Disc.
1458 2567 1539 2608 165
1552 2582 1584 2609 s.

92 2632 365 2676 simillimum
396 2636 465 2677 est
495 2634 655 2691 fragm.
691 2636 795 2677 123:
844 2635 1023 2692 Aliquis
1067 2635 1196 2692 coqui
1240 2636 1315 2692 qui
1355 2636 1476 2679 intus
1517 2642 1584 2679 est

92 2701 360 2745 dementiam
391 2703 682 2747 lamentatur.
715 2732 725 2740 ·
745 2705 878 2748 Tales
912 2719 1109 2758 scaenae,
1152 2704 1198 2747 in
1230 2705 1387 2762 quibus
1420 2705 1582 2762 aliquis

91 2771 213 2829 intus
258 2786 467 2828 egressus
512 2773 566 2816 de
608 2774 786 2817 ratione
830 2775 1113 2831 moribusque
1158 2767 1287 2831 coqui
1327 2775 1448 2818 intus
1482 2790 1582 2818 ver-

94 2840 237 2883 santis
283 2843 512 2893 narravit,
566 2858 781 2900 persaepe
827 2844 1041 2888 videntur
1090 2845 1137 2887 in
1183 2845 1349 2888 fabulis
1398 2844 1582 2888 Graecis
