1889 3284
979 238 1035 278 54

257 352 449 395 vendum
494 355 574 403 est,
621 367 675 395 ne
707 352 814 395 haec
845 354 987 395 verba
1016 352 1134 395 falso
1167 353 1518 409 intellegantur;
1563 354 1749 398 licentia
1799 390 1802 397 .

261 422 374 464 enim
408 421 682 477 tragicorum
715 436 886 477 semper
916 421 1049 464 certis
1081 421 1241 464 finibus
1274 424 1375 465 erat
1414 423 1751 480 circumscripta

258 505 400 546 neque
423 490 741 546 Shakespearii
773 490 986 543 socordia,
1020 490 1095 546 qui
1127 505 1282 533 causas
1315 491 1505 534 adeundi
1535 494 1750 549 tanquam

257 575 327 602 res
360 560 561 602 minimas
593 574 681 602 non
712 564 852 613 curat,
897 560 960 602 eis
994 574 1185 616 unquam
1218 561 1434 616 permissa
1465 564 1576 605 erat.
1640 561 1749 605 Cum

256 628 457 685 plurimis
488 628 597 672 locis
620 629 873 671 fabularum
899 629 1176 685 tragicarum
1200 630 1350 673 aditus
1376 645 1510 674 causa
1541 635 1749 675 accurate

256 698 493 750 indicetur,
538 698 655 741 unde
697 700 855 755 poetas
901 699 986 741 sibi
1032 699 1367 742 observantiam
1406 701 1750 757 praescripsisse

257 770 460 824 apparet,
494 783 582 824 qua
612 783 769 811 causas
792 768 986 811 adeundi
1008 770 1200 825 probare
1223 770 1509 825 cogebantur,
1543 773 1639 813 tum
1662 787 1750 813 non

256 837 391 880 nullis
434 837 555 890 locis,
603 838 761 894 quibus
806 853 940 881 causa
983 839 1176 881 adeundi
1219 854 1308 881 non
1350 838 1531 893 dicitur,
1580 842 1750 883 certam

257 907 477 963 quandam
529 915 675 950 artem
729 907 1022 961 adhibebant,
1072 912 1117 951 et
1159 908 1365 951 Herculis
1410 924 1583 965 quoque
1626 909 1748 953 locus

255 976 311 1019 ad
345 993 471 1034 quem
497 977 575 1020 ille
600 978 669 1019 vir
690 978 972 1021 doctissimus
1003 978 1111 1021 haec
1145 978 1349 1032 adnotat,
1381 979 1428 1021 in
1453 978 1535 1022 hoc
1566 994 1748 1022 numero

255 1047 486 1090 habendus
521 1050 611 1090 est:

371 1116 426 1159 In
459 1117 589 1174 Soph.
625 1118 781 1173 Antig.
815 1133 856 1160 v.
891 1118 986 1171 387,
1031 1120 1270 1174 postquam
1303 1121 1450 1161 custos
1489 1133 1587 1160 cum
1617 1117 1750 1160 Anti-

255 1202 373 1242 gona
405 1190 537 1243 capta
567 1188 612 1228 in
644 1201 845 1230 scaenam
873 1187 1101 1243 ingressus
1126 1190 1208 1239 est,
1244 1188 1358 1231 Creo
1380 1187 1502 1230 forte
1535 1203 1588 1230 ex
1622 1188 1750 1244 regia

254 1256 480 1313 procedit3
515 1257 672 1299 chorus
706 1257 798 1299 eius
831 1257 1074 1300 adventum
1105 1258 1423 1314 praenuntiat:
1458 1259 1514 1298 ὅδ’
1547 1259 1591 1298 ἐκ
1614 1258 1746 1312 δόμων

257 1321 427 1382 ἄψορρος
461 1328 530 1373 εἰς
565 1327 680 1367 δέον
713 1328 824 1381 περᾷ,
856 1326 952 1383 ipse
984 1329 1135 1369 autem
1165 1327 1444 1383 interrogat:
1479 1327 1601 1383 ποίᾳ
1632 1327 1749 1382 ξύμ-

257 1414 439 1452 μετρος
471 1397 644 1452 προύβην
678 1397 800 1452 τύχῃ;

370 1467 424 1508 In
457 1466 562 1509 Oed.
595 1482 687 1522 reg.
720 1482 760 1509 v.
796 1467 879 1508 513
913 1465 1025 1509 Creo
1065 1481 1245 1509 rumore
1286 1466 1340 1510 de
1381 1468 1548 1510 iniuria
1579 1468 1663 1511 sibi
1694 1469 1749 1511 ab

254 1535 480 1592 Oedipode
502 1536 645 1579 allata
666 1540 909 1579 commotus
941 1537 1120 1580 aliunde
1152 1537 1199 1578 in
1232 1551 1436 1580 scaenam
1466 1538 1613 1592 venit3
1649 1537 1750 1580 dein

256 1606 450 1662 Oedipus
474 1606 567 1661 ipse
589 1605 735 1648 nescio
753 1620 840 1662 qua
863 1620 996 1649 causa
1017 1606 1284 1660 adducitur;
1308 1606 1465 1649 chorus
1484 1607 1595 1650 dicit
1612 1607 1748 1663 (5302

534 1687 650 1733 αὐτὸς
683 1683 714 1727 δ’
750 1683 806 1727 ὅδ’
839 1688 918 1742 ἤδη
954 1688 1149 1742 δωμάτων
1185 1687 1260 1734 ἔξω
1294 1688 1410 1743 περᾷ.

257 1768 366 1810 Cum
409 1769 549 1812 tertia
591 1783 785 1825 persona
825 1783 879 1811 ex
920 1770 1047 1825 regia
1090 1769 1245 1825 prodit
1274 1769 1454 1812 Iocasta
1486 1770 1620 1825 (634),
1655 1784 1751 1813 eam

257 1838 480 1881 commode
513 1838 722 1881 accedere
754 1838 911 1881 chorus
945 1839 1055 1882 dicit
1086 1840 1229 1895 (631):

814 1921 1019 1975 καιρίαν
1054 1921 1180 1974 δ’ὑμῖν
1216 1922 1296 1976 ὁρῶ

537 1988 639 2044 τήνδ’
678 1991 720 2030 ἐκ
754 1992 886 2044 δόμων
921 1991 1152 2046 στείχουσαν
1187 1990 1390 2045 Ἰοκάστην
1425 2025 1431 2031 .
1468 2024 1475 2032 .
1512 2025 1519 2032 .

374 2071 469 2114 Hoc
500 2071 595 2114 loco
627 2072 902 2125 vocabulum,
950 2072 1067 2128 quod
1113 2074 1181 2115 est
1213 2072 1378 2127 καιρίαν,
1425 2086 1563 2128 aeque
1613 2074 1749 2129 atque

258 2156 386 2184 voces
431 2143 483 2188 εἰς
527 2143 613 2183 δέον
661 2144 707 2184 et
751 2143 964 2198 Ξύμμετρος
996 2142 1090 2198 ποία
1121 2142 1222 2198 τύχῃ
1270 2158 1357 2186 non
1400 2142 1650 2196 adhibetur,
1697 2144 1750 2185 ut

258 2214 533 2266 spectatores
565 2226 739 2254 causam
772 2212 923 2255 deesse
945 2227 1034 2254 non
1057 2213 1271 2266 sentiant,
1305 2212 1421 2269 quod
1441 2211 1748 2255 Weckleinius

258 2281 376 2334 (vide
419 2281 568 2323 adnot.
603 2281 660 2324 ad
693 2282 850 2337 Antig.
886 2298 927 2324 v.
961 2282 1062 2338 387)
1095 2282 1308 2338 opinatur
1321 2298 1329 2336 ;
1376 2282 1507 2324 immo
1551 2281 1618 2324 his
1649 2297 1748 2338 per—

260 2350 378 2392 sonis
412 2366 544 2394 causa
583 2351 832 2407 prodeundi
874 2367 962 2394 non
1004 2367 1112 2408 opus
1158 2354 1248 2400 est:
1295 2351 1449 2407 quidni
1480 2366 1533 2394 ex
1565 2351 1748 2394 aedibus

260 2435 368 2475 quas
402 2421 610 2463 habitant
639 2421 866 2464 interdum
901 2421 1227 2478 egrediantur?
1282 2449 1284 2451 ·

376 2490 543 2532 Eodem
585 2505 769 2533 scaenae
813 2491 998 2533 exordio
1041 2506 1156 2535 usus,
1190 2493 1260 2534 est
1300 2490 1537 2547 Euripides
1571 2491 1617 2533 in
1647 2490 1748 2534 Alc.

260 2559 364 2600 509:
397 2559 641 2615 Postquam
664 2560 878 2604 Hercules
911 2561 1105 2614 aliunde,
1138 2563 1192 2603 ut
1222 2561 1268 2603 in
1299 2560 1429 2603 aedes
1459 2560 1651 2617 hospitis
1674 2560 1748 2603 de-

259 2630 534 2682 verteretur,
568 2630 614 2671 in
646 2644 849 2673 scaenam
880 2631 1018 2684 venit,
1050 2630 1271 2673 Admetus
1304 2633 1363 2684 (v.
1396 2630 1479 2672 507
1496 2644 1579 2673 ss.:

525 2710 591 2751 καὶ
624 2711 697 2765 μὴν
730 2712 787 2751 ὅδ’
823 2711 937 2758 αὐτὸς
968 2714 1089 2766 τῆσδε
1119 2712 1298 2767 κοίρανος
1328 2711 1474 2767 χθονὸς

522 2779 713 2835 Ἄδμητος
746 2781 820 2826 ἔξω
855 2781 1050 2836 δωμάτων
1081 2782 1321 2837 πορεύεται.)

257 2849 427 2904 regiam
459 2849 673 2906 relinquit
702 2851 827 2893 nulla
859 2865 992 2894 causa
1024 2851 1255 2894 adductus.
