1889 3284
1051 187 1105 228 62

450 301 693 343 Addendus
717 304 786 344 est
806 301 928 345 locus
945 301 1104 344 Militis
1123 302 1220 354 272,
1244 317 1329 358 quo
1348 301 1581 346 Sceledrus
1601 315 1819 358 egressus,

331 373 567 427 postquam
609 385 655 412 se
686 370 818 413 valde
849 371 1002 413 mirari
1033 371 1169 423 dixit,
1215 371 1332 427 quod
1363 372 1733 414 Philocomasium
1774 373 1821 414 in
1866 385 1869 388 ⁴

333 439 458 481 domo
502 439 637 481 Vicini
680 439 1055 496 Periplectomeni
1098 440 1304 491 vidisset,
1355 441 1399 482 in
1448 456 1607 484 scaena
1648 442 1820 485 demum

334 509 497 550 ostium
530 522 711 551 servare
734 509 925 551 animum
958 509 1141 552 inducit.
1204 509 1357 563 Poeta,
1387 511 1463 566 qui
1483 511 1595 553 hanc
1619 525 1822 554 scaenam

332 577 590 632 composuit,
648 578 830 634 egregie
878 579 995 621 servi
1043 578 1287 621 stultitiam
1334 594 1511 635 segnem
1556 580 1822 636 tardamque

334 646 512 702 effingit
545 661 597 689 ea
628 648 818 690 ratione.

447 716 648 758 Eandem
679 717 932 769 Menander,
981 732 1078 760 cum
1118 717 1227 759 duas
1272 732 1486 773 personas
1530 718 1575 760 in
1620 731 1822 760 scaenam

332 785 636 841 ingredientes
667 786 790 837 facit,
824 802 920 829 cum
942 786 1214 843 repetitione
1236 786 1447 843 colloquii
1468 789 1598 829 extra
1620 801 1822 829 scaenam

332 856 500 911 incepti
530 855 596 897 ita
629 856 871 910 coniungit,
921 859 972 898 ut
1002 870 1218 913 personae
1249 856 1294 897 in
1326 870 1485 899 scaena
1516 856 1688 898 demum
1719 860 1822 912 post
1883 905 1885 908 Α

333 925 649 981 repetitionem
680 925 725 967 id
757 925 998 968 decernere
1030 925 1285 976 videantur⁷
1330 940 1415 982 quo
1458 940 1506 968 re
1549 939 1656 968 vera
1686 925 1822 968 addu-

332 997 508 1046 cuntur.
558 997 609 1037 ut
653 995 884 1051 prodeant.
948 995 1077 1048 Quod
1117 995 1324 1038 discimus
1367 1011 1421 1037 ex
1461 995 1557 1038 loco
1596 995 1683 1038 Ad.
1715 995 1821 1037 592:

333 1064 463 1107 Micio
497 1068 543 1107 et
576 1065 720 1120 Hegio
762 1068 999 1122 postquam
1031 1067 1160 1108 extra
1198 1079 1400 1108 scaenam
1442 1068 1747 1108 convenerunt
1777 1068 1824 1108 et

334 1135 464 1177 Micio
490 1135 681 1191 Hegioni
711 1150 804 1177 rem
827 1137 972 1177 totam
996 1135 1216 1191 exposuit⁷
1249 1150 1365 1178 nunc
1397 1135 1570 1177 demum
1591 1136 1638 1177 in
1665 1149 1824 1183 scaena

335 1204 617 1247 constituunt
649 1220 736 1248 una
768 1205 824 1247 ad
856 1205 1110 1247 Sostratam
1142 1206 1220 1248 ire.

449 1274 702 1317 Identidem
735 1275 883 1318 altera
913 1290 1105 1332 persona
1136 1274 1304 1317 idcirco
1335 1277 1513 1317 tantum
1544 1275 1589 1316 in
1622 1289 1825 1318 scaenam

334 1343 571 1397 inducitur,
606 1348 657 1387 ut
688 1344 734 1387 id
766 1344 1034 1401 colloquium
1066 1345 1217 1401 paucis
1251 1347 1502 1401 repetatur,
1546 1359 1629 1401 quo
1661 1344 1726 1397 fit,
1770 1346 1824 1387 ut

333 1413 481 1456 altera
513 1415 557 1455 in
590 1428 792 1457 scaenam
823 1414 1038 1470 prodeat:
1087 1429 1192 1470 ergo
1236 1414 1273 1456 si
1315 1429 1407 1457 rem
1446 1429 1598 1457 veram
1633 1416 1823 1471 spectas,

335 1482 525 1525 alterius
547 1483 696 1526 aditus
720 1485 949 1540 probatur,
984 1484 1170 1526 alterius
1204 1499 1292 1526 non
1323 1485 1565 1540 probatur:
1598 1484 1653 1526 In
1673 1483 1823 1526 Heau-

334 1555 449 1595 tont.
484 1569 524 1594 v.
559 1554 644 1596 614
676 1553 887 1597 Sostrata
920 1557 966 1597 et
996 1555 1152 1596 nutrix
1193 1553 1488 1609 egrediuntur
1520 1553 1824 1610 colloquentes

337 1637 391 1664 ex
413 1623 595 1666 aedibus
621 1623 882 1666 Chremetis.
946 1624 1097 1666 Anulo
1121 1624 1236 1666 enim
1258 1623 1438 1680 cognito
1462 1622 1672 1667 Sostrata
1698 1624 1824 1666 domo

338 1692 490 1736 exsilit
521 1694 652 1748 (657),
685 1697 737 1736 ut
768 1694 914 1736 virum
938 1693 1198 1750 opperiatur
1229 1693 1347 1748 (619)
1380 1696 1426 1736 et
1456 1694 1496 1736 ei
1527 1708 1622 1736 rem
1652 1695 1824 1736 narret.

338 1762 509 1804 Nutrix
555 1766 705 1806 autem
748 1778 825 1806 cur
865 1767 1008 1816 exeat,
1052 1779 1140 1806 non
1172 1763 1355 1813 dicitur3
1400 1777 1556 1819 nempe
1587 1763 1729 1815 adest,
1773 1765 1826 1805 ut

336 1833 605 1889 colloquium
650 1836 888 1890 repetatur
947 1837 993 1876 et
1050 1833 1279 1876 consilium
1325 1833 1561 1876 Sostratae
1608 1832 1824 1889 quomodo

337 1902 526 1945 oriatur.
574 1904 929 1954 demonstretur3
976 1903 1129 1959 itaque
1161 1906 1398 1959 postquam
1429 1903 1586 1945 nutrix
1616 1902 1674 1954 id,
1708 1902 1826 1959 quod

338 1973 574 2015 secundum
607 1973 839 2016 consilium
870 1976 1031 2030 poetae
1063 1973 1210 2015 facere
1243 1972 1446 2026 debebat,
1480 1972 1685 2028 perfecit,
1720 1986 1825 2028 qua-

335 2042 436 2084 dam
467 2057 598 2085 causa
629 2043 749 2086 intro
782 2043 994 2099 abigitur.

451 2113 505 2154 ln
529 2112 692 2155 Heaut.
726 2128 766 2154 v.
791 2113 876 2154 954
907 2114 1072 2154 exeunt
1094 2111 1293 2168 Clitipho
1327 2114 1373 2154 et
1396 2111 1540 2167 Syrus
1565 2125 1619 2153 ex
1641 2110 1824 2154 aedibus

335 2171 593 2233 Menedemi,
635 2183 710 2239 qui
752 2197 825 2225 eos
856 2183 1112 2224 comitatur.
1175 2181 1371 2238 Clitipho
1413 2184 1649 2238 postquam
1681 2180 1824 2223 denuo
1886 2216 1889 2219 ,

334 2252 380 2293 in
413 2266 570 2295 scaena
612 2267 637 2294 a
669 2252 924 2295 Menedemo
959 2251 1241 2295 Chremetem
1285 2266 1329 2294 se
1361 2251 1567 2293 abdicare
1600 2250 1715 2293 velle
1748 2264 1824 2292 au-

336 2321 462 2373 divit,
508 2325 686 2378 patrem
717 2324 1015 2365 conventurus
1058 2325 1128 2364 est
1171 2321 1303 2375 (960),
1351 2320 1491 2377 Syrus
1525 2335 1612 2363 una
1644 2335 1740 2362 cum
1772 2334 1823 2362 eo

336 2392 570 2448 egreditur
601 2395 648 2434 et
669 2393 862 2434 fortasse
894 2392 990 2447 ipse
1012 2406 1186 2447 quoque
1216 2405 1313 2433 cum
1335 2390 1571 2433 Chremete
1592 2389 1822 2432 locuturus

336 2465 416 2503 est.
480 2462 760 2504 Menedemus
792 2464 941 2504 autem
974 2461 1081 2517 quid
1111 2460 1242 2512 velit,
1274 2475 1362 2502 non
1394 2459 1697 2516 cognoscitur3
1747 2459 1824 2501 sed

334 2531 415 2573 hac
438 2546 628 2588 persona
660 2534 793 2587 poeta
824 2531 985 2583 utitur,
1018 2533 1071 2572 ut
1101 2530 1254 2586 paucis
1276 2529 1544 2585 colloquium
1575 2529 1696 2571 inter
1727 2543 1824 2572 eam

336 2606 381 2643 et
401 2601 699 2658 Clitiphonem
717 2602 838 2643 intus
856 2601 1057 2643 habitum
1080 2603 1273 2656 repetat.
1313 2599 1615 2641 Menedemum
1635 2601 1824 2655 propter

336 2672 381 2712 id
413 2671 645 2713 consilium
687 2675 846 2726 poetae
890 2685 1117 2727 egressum
1146 2684 1242 2713 esse
1274 2684 1324 2713 eo
1357 2670 1661 2721 confirmatur,
1705 2668 1824 2725 quod
1887 2703 1889 2706 .

335 2745 435 2796 post
469 2756 507 2781 V.
543 2742 627 2783 960
657 2741 827 2783 nullum
872 2741 959 2783 iam
996 2742 1182 2783 verbum
1226 2739 1347 2789 dicit,
1392 2738 1469 2781 sed
1510 2739 1631 2781 intro
1664 2725 1821 2792 ,abit-‚12
1885 2795 1889 2804 Ι

459 2831 490 2865 l)
521 2828 648 2862 <simnia
687 2830 798 2871 igitur
835 2829 871 2862 in
910 2839 1040 2863 scaena
1077 2828 1207 2862 Heaut.
1235 2830 1361 2862 614ss.
1400 2837 1478 2861 cum
1519 2830 1597 2860 arte
1631 2825 1824 2860 Menandri
