1889 3284
1025 239 1080 282 34

305 357 503 399 scaenica
537 358 605 398 est
637 355 764 398 haec:
803 355 1108 412 „Hippolytus
1142 359 1289 399 stiirzt
1312 371 1391 400 aus
1415 357 1493 400 der
1516 358 1792 411 Palasttiire,

304 427 453 468 hinter
505 425 594 466 ihm
645 424 715 466 die
766 424 1105 477 Kanmierfrau,
1160 425 1230 468 die
1280 426 1358 467 ihn
1408 427 1794 470 zuriickzuhalten

304 495 558 538 vei-sachun

420 564 512 605 Hoc
545 563 775 619 Euripidis
816 563 1050 605 inventum
1082 563 1320 620 Sophocles
1352 565 1398 606 in
1430 565 1686 609 Philoctete
1717 566 1790 608 ad-

302 633 468 675 hibuit:
503 633 556 674 In
588 649 628 674 1-.
653 632 768 674 0111111
801 633 912 674 1222
932 632 1088 675 Ulixes
1112 636 1159 675 et
1181 633 1500 690 Neoptolemus
1522 635 1568 677 in
1591 649 1795 678 scaenam

302 704 497 745 irruunt.
543 702 662 744 alter
695 716 846 744 arcum
876 701 1161 745 Philoctetae
1192 702 1468 757 redditurus,
1512 704 1631 747 alter
1661 719 1717 747 ne
1747 705 1795 747 id

301 773 381 814 fiat
428 771 738 827 impediturus.
813 771 970 814 Ulixes
1015 771 1061 813 in
1104 772 1201 827 ipsa
1245 786 1405 815 scaena
1449 773 1793 830 Neoptolemum

301 842 566 898 assequitur.
638 840 767 893 Quod
814 855 998 883 scaenae
1047 841 1276 883 exoidium
1322 856 1348 884 a
1393 857 1516 885 more
1562 842 1792 900 Sophoclis

300 911 470 953 usitato
504 910 750 953 abhorrere
793 910 1036 953 scholiasta
1081 910 1242 967 aliquis
1276 914 1396 954 recte
1431 912 1584 963 sensit,
1629 913 1705 969 qui
1737 912 1794 954 ad

299 997 338 1023 1,
377 982 486 1022 1218
519 980 733 1023 adnotat:
779 982 838 1021 ἐν
823 982 939 1021 -Ξῦύε
943 999 960 1020 ν
1004 983 1034 1021 ὖ
1031 983 1110 1021 ,er
1102 984 1162 1021 ,ὗν
1205 983 1286 1021 ἐστι
1328 981 1369 1022 τὸ
1402 983 1634 1023 &xer-daem.
1697 983 1793 1026 Hoc

300 1050 511 1093 scholium
549 1065 623 1103 „eo
657 1053 886 1106 spectare“
922 1049 1202 1093 Hermannus
1238 1051 1309 1104 (ad
1339 1067 1380 1094 v
1406 1052 1535 1105 1219)
1567 1052 1790 1107 cognovit,

304 1120 444 1176 ..quod
476 1120 521 1161 111
553 1119 634 1162 1130
675 1134 834 1162 scaena
876 1135 976 1173 non,
1023 1122 1073 1162 ut
1116 1120 1390 1177 plerumque,
1434 1136 1522 1163 una
1561 1121 1639 1164 sed
1678 1121 1791 1164 duae
1849 1169 1852 1171 ,
1887 1111 1889 1117 ’

298 1204 514 1246 personae
547 1189 836 1232 adveniunff.

412 1260 538 1302 Hanc
570 1260 759 1302 formam
791 1259 1046 1312 Menander,
1091 1260 1166 1315 qui
1208 1259 1452 1317 diligenter
1484 1262 1630 1302 artem
1662 1260 1791 1302 Euri-

301 1329 415 1385 pidis
448 1329 669 1372 actionem
701 1329 969 1380 viridiorem
1012 1328 1244 1372 reddentis
1290 1329 1548 1372 observavit
1581 1333 1627 1372 et
1658 1329 1790 1373 vehe-

297 1399 436 1441 menti
477 1402 601 1441 motu
643 1413 936 1455 personarum
979 1399 1027 1440 in
1071 1414 1274 1442 scaenam
1312 1399 1579 1442 irruentium
1612 1414 1791 1456 exspec-

296 1469 514 1511 tationem
548 1469 824 1511 audientium
859 1468 1067 1524 suspendi
1093 1468 1259 1524 optime
1282 1469 1506 1525 cognovit,
1541 1469 1668 1526 quasi
1698 1484 1789 1511 mu-

295 1541 450 1580 tuatus
484 1541 554 1580 est
584 1539 631 1580 in
661 1538 814 1580 Aulul.
849 1554 890 1581 v.
922 1538 1021 1580 406.
1085 1538 1282 1594 Congrio
1327 1538 1441 1581 enim
1474 1553 1527 1581 ex
1559 1538 1788 1582 Euclionis

295 1608 475 1650 aedibus
507 1608 641 1664 fugit,
676 1623 804 1664 quem
833 1609 879 1650 in
913 1624 953 1650 v.
985 1609 1071 1650 414
1103 1608 1260 1651 Euclio
1294 1609 1596 1664 subsequitur.

412 1678 564 1720 Etiam
594 1678 641 1720 in
683 1677 835 1721 Bacch.
870 1678 992 1721 locus
1025 1678 1180 1720 similis
1226 1681 1400 1737 exstat:
1448 1678 1605 1734 Lydus
1637 1678 1787 1720 Pisto-

295 1747 473 1797 clerum,
523 1763 650 1804 quem
698 1748 953 1790 iamdudum
998 1748 1166 1791 tacitus
1215 1751 1394 1791 secutus
1443 1751 1538 1798 est,
1587 1749 1785 1809 retinere

294 1820 481 1859 conatur
512 1832 568 1860 ne
599 1818 646 1859 in
678 1817 809 1861 aedes
842 1817 1114 1860 Bacchidum
1141 1818 1353 1860 introeat.

409 1887 564 1943 Neque
608 1887 727 1930 solus
761 1887 1004 1930 Menander
1049 1887 1132 1929 hoc
1174 1888 1302 1930 modo
1346 1902 1525 1930 scaenas
1569 1887 1784 1939 instituit,

295 1956 370 1998 sed
415 1957 550 1999 etiam
594 1958 732 2000 ceteri
780 1957 951 2011 comici:
1006 1957 1215 2013 Diphilus
1262 1957 1377 2000 enim
1419 1957 1551 2000 initio
1596 1957 1785 2001 Casinae

295 2026 528 2068 Chalinum
560 2027 733 2070 inducit
757 2026 1081 2083 Olympionem,
1115 2027 1192 2083 qui
1223 2027 1317 2070 sine
1350 2027 1525 2070 arbitro
1573 2027 1696 2084 loqui
1740 2030 1786 2071 et

295 2096 494 2151 cogitare
528 2097 628 2139 vult
660 2097 804 2153 (quasi
851 2111 977 2140 nemo
1026 2096 1227 2152 cogitare
1270 2097 1425 2154 possit,
1470 2096 1556 2139 nisi
1587 2097 1691 2139 dum
1721 2097 1786 2140 lo-

293 2165 473 2221 quitur),
520 2181 692 2223 semper
737 2172 1016 2224 sequentem,
1060 2166 1333 2210 Philemonis
1377 2168 1528 2209 autem
1569 2166 1616 2208 in
1660 2166 1799 2210 Trin.-·

292 2234 519 2290 Lysiteles
564 2239 609 2278 01
652 2236 925 2279 Lesbonicus
971 2239 1149 2290 exeunt,
1199 2251 1387 2293 quorum
1434 2236 1552 2279 alter
1597 2237 1784 2280 alterius

292 2305 428 2346 verba
477 2306 841 2363 condicionesque
889 2306 1021 2362 fugit,
1081 2307 1199 2349 alter
1255 2307 1546 2363 persequitur
1592 2306 1784 2349 alterum

291 2373 525 2429 (6271628).
559 2401 614 2405 -
646 2376 857 2419 Eiusdem
888 2376 1006 2419 modi
1047 2380 1153 2419 sunt
1194 2377 1281 2419 loci
1311 2376 1581 2432 Apollodori
1611 2376 1782 2433 Hecyr.

292 2445 375 2485 510·
395 2459 466 2495 ss„
512 2445 767 2501 Demophili
810 2446 938 2489 Asin.
973 2447 1070 2499 591,
1116 2446 1294 2502 Captiv.
1328 2446 1424 2497 516,
1473 2445 1651 2489 Curcul.
1684 2446 1781 2500 591,

290 2512 459 2568 Epidic.
497 2515 532 2555 1.

408 2653 447 2694 b.
496 2653 633 2696 Initio
667 2654 927 2710 Antigonae
960 2653 1233 2711 Sophocleae
1265 2655 1498 2712 Antigone
1531 2657 1577 2698 et
1608 2654 1780 2698 Ismene

289 2722 335 2763 in
378 2736 533 2764 scaena
578 2723 933 2778 conspiciuntur;
981 2725 1213 2781 Antigone
1245 2741 1285 2768 v.
1321 2724 1449 2767 1819
1493 2739 1538 2768 se
1582 2739 1780 2768 sororem

290 2807 342 2834 ex
375 2791 553 2834 aedibus
598 2792 717 2835 foras
763 2794 1038 2837 sevocavisse
1086 2794 1207 2847 dicit,
1253 2797 1304 2837 ut
1348 2797 1569 2838 secretum
1610 2794 1780 2851 aliquid

289 2876 384 2903 011111
417 2875 469 2904 03
500 2862 902 2928 001111111111103101ε.
