<?xml version="1.0" encoding="UTF-8"?>
<!DOCTYPE html PUBLIC "-//W3C//DTD XHTML 1.0 Transitional//EN"
    "http://www.w3.org/TR/xhtml1/DTD/xhtml1-transitional.dtd">
<html xmlns="http://www.w3.org/1999/xhtml" xml:lang="en" lang="en">
 <head>
  <title>
</title>
<meta http-equiv="Content-Type" content="text/html;charset=utf-8" />
  <meta name='ocr-system' content='tesseract 3.04.00' />
  <meta name='ocr-capabilities' content='ocr_page ocr_carea ocr_par ocr_line ocrx_word'/>
</head>
<body>
  <div class='ocr_page' id='page_1' title='image "./deintroituperson00harmuoft_0035.png"; bbox 0 0 1889 3284; ppageno 0'>
   <div class='ocr_carea' id='block_1_1' title="bbox 797 241 851 282">
    <p class='ocr_par' dir='ltr' id='par_1_1' title="bbox 797 241 851 282">
     <span class='ocr_line' id='line_1_1' title="bbox 797 241 851 282; baseline 0 0"><span class='ocrx_word' id='word_1_1' title='bbox 797 241 851 282; x_wconf 85' lang='lat'>33</span> 
     </span>
    </p>
   </div>
   <div class='ocr_carea' id='block_1_2' title="bbox 677 492 971 535">
    <p class='ocr_par' dir='ltr' id='par_1_2' title="bbox 677 492 971 535">
     <span class='ocr_line' id='line_1_2' title="bbox 677 492 971 535; baseline 0 0"><span class='ocrx_word' id='word_1_2' title='bbox 677 492 877 535; x_wconf 84' lang='lat' dir='ltr'>CAPUT</span> <span class='ocrx_word' id='word_1_3' title='bbox 910 494 971 535; x_wconf 85' lang='grc' dir='ltr'>ΙΙ.</span> 
     </span>
    </p>
   </div>
   <div class='ocr_carea' id='block_1_3' title="bbox 83 609 1571 737">
    <p class='ocr_par' dir='ltr' id='par_1_3' title="bbox 83 609 1571 737">
     <span class='ocr_line' id='line_1_3' title="bbox 83 609 1571 669; baseline -0.001 -13"><span class='ocrx_word' id='word_1_4' title='bbox 83 611 163 656; x_wconf 91' lang='lat' dir='ltr'>De</span> <span class='ocrx_word' id='word_1_5' title='bbox 193 611 334 664; x_wconf 77' lang='lat' dir='ltr'>lociS,</span> <span class='ocrx_word' id='word_1_6' title='bbox 369 609 561 669; x_wconf 88' lang='lat' dir='ltr'>quibus</span> <span class='ocrx_word' id='word_1_7' title='bbox 594 609 730 654; x_wconf 84' lang='lat' dir='ltr'>duae</span> <span class='ocrx_word' id='word_1_8' title='bbox 761 622 1020 667; x_wconf 83' lang='lat' dir='ltr'>personae</span> <span class='ocrx_word' id='word_1_9' title='bbox 1052 610 1207 655; x_wconf 87' lang='lat' dir='ltr'>simul</span> <span class='ocrx_word' id='word_1_10' title='bbox 1236 610 1292 654; x_wconf 89' lang='lat' dir='ltr'>in</span> <span class='ocrx_word' id='word_1_11' title='bbox 1323 622 1571 655; x_wconf 83' lang='lat' dir='ltr'><strong>scaenam</strong></span> 
     </span>
     <span class='ocr_line' id='line_1_4' title="bbox 463 679 1186 737; baseline -0.001 -13"><span class='ocrx_word' id='word_1_12' title='bbox 463 679 839 737; x_wconf 84' lang='lat' dir='ltr'>ingrediuntur,</span> <span class='ocrx_word' id='word_1_13' title='bbox 876 680 1186 737; x_wconf 84' lang='lat' dir='ltr'>disputatur.</span> 
     </span>
    </p>
   </div>
   <div class='ocr_carea' id='block_1_4' title="bbox 85 795 1571 925">
    <p class='ocr_par' dir='ltr' id='par_1_4' title="bbox 85 795 1571 925">
     <span class='ocr_line' id='line_1_5' title="bbox 200 795 1568 852; baseline -0.003 -11"><span class='ocrx_word' id='word_1_14' title='bbox 200 797 303 842; x_wconf 84' lang='lat' dir='ltr'>Viri</span> <span class='ocrx_word' id='word_1_15' title='bbox 344 797 464 841; x_wconf 89' lang='lat' dir='ltr'>docti</span> <span class='ocrx_word' id='word_1_16' title='bbox 506 799 650 840; x_wconf 87' lang='lat' dir='ltr'>artem</span> <span class='ocrx_word' id='word_1_17' title='bbox 691 796 923 852; x_wconf 86' lang='lat' dir='ltr'>Sophoclis</span> <span class='ocrx_word' id='word_1_18' title='bbox 969 812 1064 839; x_wconf 86' lang='lat' dir='ltr'>cum</span> <span class='ocrx_word' id='word_1_19' title='bbox 1109 811 1277 851; x_wconf 77' lang='lat' dir='ltr'>genere.</span> <span class='ocrx_word' id='word_1_20' title='bbox 1316 795 1568 851; x_wconf 79' lang='lat' dir='ltr'>effingendi,</span> 
     </span>
     <span class='ocr_line' id='line_1_6' title="bbox 85 866 1571 925; baseline -0.003 -14"><span class='ocrx_word' id='word_1_21' title='bbox 85 868 203 925; x_wconf 85' lang='lat' dir='ltr'>quod</span> <span class='ocrx_word' id='word_1_22' title='bbox 233 867 280 910; x_wconf 86' lang='lat' dir='ltr'>in</span> <span class='ocrx_word' id='word_1_23' title='bbox 311 867 488 924; x_wconf 82' lang='lat' dir='ltr'>ectypis</span> <span class='ocrx_word' id='word_1_24' title='bbox 510 866 809 909; x_wconf 86' lang='lat' dir='ltr'>Parthenonis</span> <span class='ocrx_word' id='word_1_25' title='bbox 838 867 1135 917; x_wconf 77' lang='lat' dir='ltr'>observamus,</span> <span class='ocrx_word' id='word_1_26' title='bbox 1169 866 1314 908; x_wconf 83' lang='lat' dir='ltr'>facete</span> <span class='ocrx_word' id='word_1_27' title='bbox 1345 879 1571 921; x_wconf 84' lang='lat' dir='ltr'>compara-</span> 
     </span>
    </p>
   </div>
   <div class='ocr_carea' id='block_1_5' title="bbox 20 935 1571 992">
    <p class='ocr_par' dir='ltr' id='par_1_5' title="bbox 20 935 1571 992">
     <span class='ocr_line' id='line_1_7' title="bbox 20 935 1571 992; baseline -0.004 -10"><span class='ocrx_word' id='word_1_28' title='bbox 20 962 23 964; x_wconf 97' lang='lat'>·</span> <span class='ocrx_word' id='word_1_29' title='bbox 84 941 260 982; x_wconf 87' lang='lat' dir='ltr'>verunt.</span> <span class='ocrx_word' id='word_1_30' title='bbox 313 937 453 991; x_wconf 78' lang='lat' dir='ltr'>Quem</span> <span class='ocrx_word' id='word_1_31' title='bbox 482 936 635 979; x_wconf 86' lang='lat' dir='ltr'>ludum</span> <span class='ocrx_word' id='word_1_32' title='bbox 667 936 705 978; x_wconf 88' lang='lat' dir='ltr'>si</span> <span class='ocrx_word' id='word_1_33' title='bbox 735 936 942 992; x_wconf 76' lang='lat' dir='ltr'>persequi</span> <span class='ocrx_word' id='word_1_34' title='bbox 977 935 1177 988; x_wconf 84' lang='lat' dir='ltr'>velimus,</span> <span class='ocrx_word' id='word_1_35' title='bbox 1211 935 1355 977; x_wconf 85' lang='lat' dir='ltr'>nescio</span> <span class='ocrx_word' id='word_1_36' title='bbox 1389 949 1445 977; x_wconf 86' lang='lat' dir='ltr'>an</span> <span class='ocrx_word' id='word_1_37' title='bbox 1476 949 1571 976; x_wconf 89' lang='lat' dir='ltr'>cum</span> 
     </span>
    </p>
   </div>
   <div class='ocr_carea' id='block_1_6' title="bbox 84 1004 1579 2249">
    <p class='ocr_par' dir='ltr' id='par_1_6' title="bbox 84 1004 1573 1610">
     <span class='ocr_line' id='line_1_8' title="bbox 85 1004 1571 1064; baseline -0.003 -14"><span class='ocrx_word' id='word_1_38' title='bbox 85 1007 366 1064; x_wconf 82' lang='lat' dir='ltr'>imaginibus,</span> <span class='ocrx_word' id='word_1_39' title='bbox 414 1021 527 1063; x_wconf 87' lang='lat' dir='ltr'>quae</span> <span class='ocrx_word' id='word_1_40' title='bbox 570 1008 674 1049; x_wconf 86' lang='lat' dir='ltr'>sunt</span> <span class='ocrx_word' id='word_1_41' title='bbox 719 1005 765 1047; x_wconf 93' lang='lat' dir='ltr'>in</span> <span class='ocrx_word' id='word_1_42' title='bbox 808 1021 931 1047; x_wconf 87' lang='lat' dir='ltr'>muro</span> <span class='ocrx_word' id='word_1_43' title='bbox 975 1020 1059 1061; x_wconf 81' lang='lat' dir='ltr'>quo</span> <span class='ocrx_word' id='word_1_44' title='bbox 1094 1005 1307 1061; x_wconf 84' lang='lat' dir='ltr'>templum</span> <span class='ocrx_word' id='word_1_45' title='bbox 1340 1004 1571 1047; x_wconf 72' lang='lat' dir='ltr'>Victoriae</span> 
     </span>
     <span class='ocr_line' id='line_1_9' title="bbox 84 1074 1571 1133; baseline -0.003 -13"><span class='ocrx_word' id='word_1_46' title='bbox 84 1077 408 1121; x_wconf 87' lang='lat' dir='ltr'>circumdatum</span> <span class='ocrx_word' id='word_1_47' title='bbox 439 1078 519 1129; x_wconf 90' lang='lat' dir='ltr'>est,</span> <span class='ocrx_word' id='word_1_48' title='bbox 567 1075 892 1133; x_wconf 90' lang='lat' dir='ltr'>componendus</span> <span class='ocrx_word' id='word_1_49' title='bbox 938 1075 998 1117; x_wconf 86' lang='lat' dir='ltr'>sit</span> <span class='ocrx_word' id='word_1_50' title='bbox 1028 1074 1277 1131; x_wconf 72' lang='lat' dir='ltr'>Euripides,</span> <span class='ocrx_word' id='word_1_51' title='bbox 1323 1074 1445 1116; x_wconf 88' lang='lat' dir='ltr'>cuius</span> <span class='ocrx_word' id='word_1_52' title='bbox 1478 1077 1571 1116; x_wconf 90' lang='lat' dir='ltr'>tra-</span> 
     </span>
     <span class='ocr_line' id='line_1_10' title="bbox 85 1144 1572 1203; baseline -0.003 -13"><span class='ocrx_word' id='word_1_53' title='bbox 85 1147 246 1203; x_wconf 85' lang='lat' dir='ltr'>goedia</span> <span class='ocrx_word' id='word_1_54' title='bbox 276 1148 345 1190; x_wconf 85' lang='lat' dir='ltr'>est</span> <span class='ocrx_word' id='word_1_55' title='bbox 376 1146 511 1203; x_wconf 89' lang='lat' dir='ltr'>plena</span> <span class='ocrx_word' id='word_1_56' title='bbox 550 1148 694 1188; x_wconf 89' lang='lat' dir='ltr'>motus</span> <span class='ocrx_word' id='word_1_57' title='bbox 740 1147 786 1188; x_wconf 92' lang='lat' dir='ltr'>et</span> <span class='ocrx_word' id='word_1_58' title='bbox 833 1145 1032 1187; x_wconf 83' lang='lat' dir='ltr'>actionis.</span> <span class='ocrx_word' id='word_1_59' title='bbox 1096 1145 1206 1186; x_wconf 88' lang='lat' dir='ltr'>Eam</span> <span class='ocrx_word' id='word_1_60' title='bbox 1239 1144 1572 1186; x_wconf 85' lang='lat' dir='ltr'>similitudinem</span> 
     </span>
     <span class='ocr_line' id='line_1_11' title="bbox 85 1213 1571 1271; baseline -0.003 -11"><span class='ocrx_word' id='word_1_61' title='bbox 85 1218 132 1260; x_wconf 92' lang='lat' dir='ltr'>in</span> <span class='ocrx_word' id='word_1_62' title='bbox 163 1216 339 1260; x_wconf 87' lang='lat' dir='ltr'>actione</span> <span class='ocrx_word' id='word_1_63' title='bbox 366 1216 566 1260; x_wconf 83' lang='lat' dir='ltr'>scaenica</span> <span class='ocrx_word' id='word_1_64' title='bbox 588 1215 844 1258; x_wconf 86' lang='lat' dir='ltr'>fabularum</span> <span class='ocrx_word' id='word_1_65' title='bbox 867 1214 1198 1271; x_wconf 68' lang='lat' dir='ltr'>spectatoribus</span> <span class='ocrx_word' id='word_1_66' title='bbox 1221 1213 1571 1256; x_wconf 70' lang='lat' dir='ltr'>Atheniensibus</span> 
     </span>
     <span class='ocr_line' id='line_1_12' title="bbox 87 1282 1571 1341; baseline -0.004 -11"><span class='ocrx_word' id='word_1_67' title='bbox 87 1287 222 1331; x_wconf 86' lang='lat' dir='ltr'>etiam</span> <span class='ocrx_word' id='word_1_68' title='bbox 257 1285 612 1329; x_wconf 73' lang='lat' dir='ltr'>manifestiorem</span> <span class='ocrx_word' id='word_1_69' title='bbox 642 1285 781 1327; x_wconf 84' lang='lat' dir='ltr'>fuisse</span> <span class='ocrx_word' id='word_1_70' title='bbox 818 1287 927 1341; x_wconf 86' lang='lat' dir='ltr'>puto</span> <span class='ocrx_word' id='word_1_71' title='bbox 967 1298 1097 1339; x_wconf 82' lang='lat' dir='ltr'>quam</span> <span class='ocrx_word' id='word_1_72' title='bbox 1139 1283 1264 1326; x_wconf 90' lang='lat' dir='ltr'>nobis</span> <span class='ocrx_word' id='word_1_73' title='bbox 1306 1282 1571 1338; x_wconf 67' lang='lat' dir='ltr'>legentibus</span> 
     </span>
     <span class='ocr_line' id='line_1_13' title="bbox 85 1352 1572 1412; baseline -0.004 -12"><span class='ocrx_word' id='word_1_74' title='bbox 85 1357 153 1400; x_wconf 90' lang='lat' dir='ltr'>At</span> <span class='ocrx_word' id='word_1_75' title='bbox 195 1358 346 1399; x_wconf 88' lang='lat' dir='ltr'>tamen</span> <span class='ocrx_word' id='word_1_76' title='bbox 387 1370 467 1398; x_wconf 90' lang='lat' dir='ltr'>nos</span> <span class='ocrx_word' id='word_1_77' title='bbox 499 1369 672 1412; x_wconf 85' lang='lat' dir='ltr'>quoque</span> <span class='ocrx_word' id='word_1_78' title='bbox 717 1354 1043 1404; x_wconf 83' lang='lat' dir='ltr'>observatione,</span> <span class='ocrx_word' id='word_1_79' title='bbox 1090 1367 1216 1409; x_wconf 80' lang='lat' dir='ltr'>quam</span> <span class='ocrx_word' id='word_1_80' title='bbox 1261 1352 1413 1394; x_wconf 80' lang='lat' dir='ltr'>vivida</span> <span class='ocrx_word' id='word_1_81' title='bbox 1456 1352 1572 1394; x_wconf 83' lang='lat' dir='ltr'>actio</span> 
     </span>
     <span class='ocr_line' id='line_1_14' title="bbox 87 1422 1571 1482; baseline -0.004 -13"><span class='ocrx_word' id='word_1_82' title='bbox 87 1427 239 1479; x_wconf 86' lang='lat' dir='ltr'>fuerit,</span> <span class='ocrx_word' id='word_1_83' title='bbox 273 1425 585 1482; x_wconf 80' lang='lat' dir='ltr'>cognoscimus,</span> <span class='ocrx_word' id='word_1_84' title='bbox 619 1424 736 1482; x_wconf 82' lang='lat' dir='ltr'>quod</span> <span class='ocrx_word' id='word_1_85' title='bbox 768 1424 1037 1479; x_wconf 84' lang='lat' dir='ltr'>praesertim</span> <span class='ocrx_word' id='word_1_86' title='bbox 1070 1437 1124 1465; x_wconf 83' lang='lat' dir='ltr'>ex</span> <span class='ocrx_word' id='word_1_87' title='bbox 1153 1422 1208 1464; x_wconf 90' lang='lat' dir='ltr'>iis</span> <span class='ocrx_word' id='word_1_88' title='bbox 1240 1422 1348 1464; x_wconf 77' lang='lat' dir='ltr'>locis</span> <span class='ocrx_word' id='word_1_89' title='bbox 1372 1423 1571 1478; x_wconf 86' lang='lat' dir='ltr'>apparet,</span> 
     </span>
     <span class='ocr_line' id='line_1_15' title="bbox 87 1491 1573 1554; baseline -0.005 -15"><span class='ocrx_word' id='word_1_90' title='bbox 87 1496 246 1554; x_wconf 86' lang='lat' dir='ltr'>quibus</span> <span class='ocrx_word' id='word_1_91' title='bbox 279 1493 388 1538; x_wconf 89' lang='lat' dir='ltr'>duas</span> <span class='ocrx_word' id='word_1_92' title='bbox 419 1509 630 1552; x_wconf 85' lang='lat' dir='ltr'>personas</span> <span class='ocrx_word' id='word_1_93' title='bbox 662 1496 798 1551; x_wconf 89' lang='lat' dir='ltr'>poeta</span> <span class='ocrx_word' id='word_1_94' title='bbox 830 1493 961 1536; x_wconf 87' lang='lat' dir='ltr'>simul</span> <span class='ocrx_word' id='word_1_95' title='bbox 994 1493 1039 1534; x_wconf 91' lang='lat' dir='ltr'>in</span> <span class='ocrx_word' id='word_1_96' title='bbox 1072 1505 1273 1534; x_wconf 82' lang='lat' dir='ltr'>scaenam</span> <span class='ocrx_word' id='word_1_97' title='bbox 1304 1491 1573 1547; x_wconf 70' lang='lat' dir='ltr'>prodeuntes</span> 
     </span>
     <span class='ocr_line' id='line_1_16' title="bbox 85 1565 268 1610; baseline -0.011 -2"><span class='ocrx_word' id='word_1_98' title='bbox 85 1565 268 1610; x_wconf 87' lang='lat' dir='ltr'>inducit.</span> 
     </span>
    </p>

    <p class='ocr_par' dir='ltr' id='par_1_7' title="bbox 88 1631 1576 2041">
     <span class='ocr_line' id='line_1_17' title="bbox 205 1631 1575 1691; baseline -0.006 -12"><span class='ocrx_word' id='word_1_99' title='bbox 205 1651 244 1679; x_wconf 89' lang='lat' dir='ltr'>a.</span> <span class='ocrx_word' id='word_1_100' title='bbox 286 1637 416 1678; x_wconf 84' lang='lat' dir='ltr'>Duae</span> <span class='ocrx_word' id='word_1_101' title='bbox 446 1649 664 1691; x_wconf 79' lang='lat' dir='ltr'>personae</span> <span class='ocrx_word' id='word_1_102' title='bbox 697 1649 746 1676; x_wconf 90' lang='lat' dir='ltr'>eo</span> <span class='ocrx_word' id='word_1_103' title='bbox 780 1633 905 1676; x_wconf 87' lang='lat' dir='ltr'>modo</span> <span class='ocrx_word' id='word_1_104' title='bbox 949 1633 993 1674; x_wconf 88' lang='lat' dir='ltr'>in</span> <span class='ocrx_word' id='word_1_105' title='bbox 1038 1645 1239 1675; x_wconf 84' lang='lat' dir='ltr'>scaenam</span> <span class='ocrx_word' id='word_1_106' title='bbox 1270 1631 1443 1672; x_wconf 87' lang='lat' dir='ltr'>intrare</span> <span class='ocrx_word' id='word_1_107' title='bbox 1475 1644 1575 1686; x_wconf 90' lang='lat' dir='ltr'>pos-</span> 
     </span>
     <span class='ocr_line' id='line_1_18' title="bbox 89 1700 1576 1761; baseline -0.006 -12"><span class='ocrx_word' id='word_1_108' title='bbox 89 1708 207 1760; x_wconf 84' lang='lat' dir='ltr'>sunt,</span> <span class='ocrx_word' id='word_1_109' title='bbox 254 1707 307 1748; x_wconf 89' lang='lat' dir='ltr'>ut</span> <span class='ocrx_word' id='word_1_110' title='bbox 350 1705 497 1748; x_wconf 89' lang='lat' dir='ltr'>altera</span> <span class='ocrx_word' id='word_1_111' title='bbox 538 1719 732 1761; x_wconf 89' lang='lat' dir='ltr'>persona</span> <span class='ocrx_word' id='word_1_112' title='bbox 776 1703 1051 1760; x_wconf 81' lang='lat' dir='ltr'>propositum</span> <span class='ocrx_word' id='word_1_113' title='bbox 1084 1700 1263 1756; x_wconf 84' lang='lat' dir='ltr'>aliquod</span> <span class='ocrx_word' id='word_1_114' title='bbox 1308 1705 1576 1754; x_wconf 75' lang='lat' dir='ltr'>exsequatur</span> 
     </span>
     <span class='ocr_line' id='line_1_19' title="bbox 88 1768 1576 1832; baseline -0.007 -13"><span class='ocrx_word' id='word_1_115' title='bbox 88 1775 163 1820; x_wconf 88' lang='lat' dir='ltr'>vel</span> <span class='ocrx_word' id='word_1_116' title='bbox 193 1775 354 1832; x_wconf 81' lang='lat' dir='ltr'>fugiat,</span> <span class='ocrx_word' id='word_1_117' title='bbox 398 1774 548 1818; x_wconf 84' lang='lat' dir='ltr'>altera</span> <span class='ocrx_word' id='word_1_118' title='bbox 579 1774 768 1816; x_wconf 85' lang='lat' dir='ltr'>alteram</span> <span class='ocrx_word' id='word_1_119' title='bbox 800 1772 1016 1829; x_wconf 88' lang='lat' dir='ltr'>impedire</span> <span class='ocrx_word' id='word_1_120' title='bbox 1048 1771 1173 1823; x_wconf 81' lang='lat' dir='ltr'>velit,</span> <span class='ocrx_word' id='word_1_121' title='bbox 1215 1785 1268 1812; x_wconf 92' lang='lat' dir='ltr'>ne</span> <span class='ocrx_word' id='word_1_122' title='bbox 1300 1768 1576 1825; x_wconf 81' lang='lat' dir='ltr'>propositum</span> 
     </span>
     <span class='ocr_line' id='line_1_20' title="bbox 88 1843 1575 1901; baseline -0.007 -12"><span class='ocrx_word' id='word_1_123' title='bbox 88 1846 306 1900; x_wconf 87' lang='lat' dir='ltr'>conficiat,</span> <span class='ocrx_word' id='word_1_124' title='bbox 340 1845 414 1888; x_wconf 86' lang='lat' dir='ltr'>vel</span> <span class='ocrx_word' id='word_1_125' title='bbox 447 1845 640 1888; x_wconf 87' lang='lat' dir='ltr'>alteram</span> <span class='ocrx_word' id='word_1_126' title='bbox 671 1857 903 1901; x_wconf 85' lang='lat' dir='ltr'>personam</span> <span class='ocrx_word' id='word_1_127' title='bbox 926 1843 1241 1899; x_wconf 74' lang='lat' dir='ltr'>persequatur3</span> <span class='ocrx_word' id='word_1_128' title='bbox 1277 1853 1388 1895; x_wconf 81' lang='lat' dir='ltr'>quae</span> <span class='ocrx_word' id='word_1_129' title='bbox 1420 1852 1575 1880; x_wconf 84' lang='lat' dir='ltr'>causae</span> 
     </span>
     <span class='ocr_line' id='line_1_21' title="bbox 89 1909 1576 1968; baseline -0.007 -9"><span class='ocrx_word' id='word_1_130' title='bbox 89 1915 282 1960; x_wconf 89' lang='lat' dir='ltr'>adeundi</span> <span class='ocrx_word' id='word_1_131' title='bbox 313 1915 549 1958; x_wconf 84' lang='lat' dir='ltr'>dissimiles</span> <span class='ocrx_word' id='word_1_132' title='bbox 583 1917 708 1968; x_wconf 73' lang='lat' dir='ltr'>sunt,</span> <span class='ocrx_word' id='word_1_133' title='bbox 755 1913 871 1955; x_wconf 88' lang='lat' dir='ltr'>actio</span> <span class='ocrx_word' id='word_1_134' title='bbox 918 1911 1128 1963; x_wconf 70' lang='lat' dir='ltr'>scaenica,</span> <span class='ocrx_word' id='word_1_135' title='bbox 1174 1924 1268 1951; x_wconf 86' lang='lat' dir='ltr'>cum</span> <span class='ocrx_word' id='word_1_136' title='bbox 1301 1909 1446 1950; x_wconf 83' lang='lat' dir='ltr'>altera</span> <span class='ocrx_word' id='word_1_137' title='bbox 1477 1922 1576 1963; x_wconf 84' lang='lat' dir='ltr'>per-</span> 
     </span>
     <span class='ocr_line' id='line_1_22' title="bbox 89 1982 1063 2041; baseline -0.007 -12"><span class='ocrx_word' id='word_1_138' title='bbox 89 2000 200 2030; x_wconf 87' lang='lat' dir='ltr'>sona</span> <span class='ocrx_word' id='word_1_139' title='bbox 230 1985 424 2029; x_wconf 87' lang='lat' dir='ltr'>alteram</span> <span class='ocrx_word' id='word_1_140' title='bbox 454 1985 761 2041; x_wconf 77' lang='lat' dir='ltr'>subsequatur,</span> <span class='ocrx_word' id='word_1_141' title='bbox 797 1982 948 2025; x_wconf 88' lang='lat' dir='ltr'>eadem</span> <span class='ocrx_word' id='word_1_142' title='bbox 981 1983 1063 2023; x_wconf 89' lang='lat' dir='ltr'>est.</span> 
     </span>
    </p>

    <p class='ocr_par' dir='ltr' id='par_1_8' title="bbox 89 2047 1579 2249">
     <span class='ocr_line' id='line_1_23' title="bbox 205 2047 1577 2107; baseline -0.009 -9"><span class='ocrx_word' id='word_1_143' title='bbox 205 2055 401 2097; x_wconf 86' lang='lat' dir='ltr'>Primum</span> <span class='ocrx_word' id='word_1_144' title='bbox 445 2055 538 2098; x_wconf 89' lang='lat' dir='ltr'>eius</span> <span class='ocrx_word' id='word_1_145' title='bbox 583 2053 774 2096; x_wconf 85' lang='lat' dir='ltr'>rationis</span> <span class='ocrx_word' id='word_1_146' title='bbox 819 2052 866 2093; x_wconf 90' lang='lat' dir='ltr'>in</span> <span class='ocrx_word' id='word_1_147' title='bbox 911 2049 1091 2107; x_wconf 88' lang='lat' dir='ltr'>Hippol.</span> <span class='ocrx_word' id='word_1_148' title='bbox 1136 2065 1177 2091; x_wconf 79' lang='lat' dir='ltr'>v.</span> <span class='ocrx_word' id='word_1_149' title='bbox 1223 2048 1303 2089; x_wconf 76' lang='lat'>601</span> <span class='ocrx_word' id='word_1_150' title='bbox 1348 2047 1577 2088; x_wconf 75' lang='lat' dir='ltr'>invenitur</span> 
     </span>
     <span class='ocr_line' id='line_1_24' title="bbox 90 2116 1577 2182; baseline -0.009 -13"><span class='ocrx_word' id='word_1_151' title='bbox 90 2125 352 2182; x_wconf 84' lang='lat' dir='ltr'>exemplum.</span> <span class='ocrx_word' id='word_1_152' title='bbox 416 2123 694 2180; x_wconf 86' lang='lat' dir='ltr'>Hippolytus</span> <span class='ocrx_word' id='word_1_153' title='bbox 727 2121 970 2173; x_wconf 86' lang='lat' dir='ltr'>elementis,</span> <span class='ocrx_word' id='word_1_154' title='bbox 1004 2118 1109 2175; x_wconf 90' lang='lat' dir='ltr'>quid</span> <span class='ocrx_word' id='word_1_155' title='bbox 1141 2116 1377 2169; x_wconf 79' lang='lat' dir='ltr'>audiverit,</span> <span class='ocrx_word' id='word_1_156' title='bbox 1422 2129 1577 2157; x_wconf 88' lang='lat' dir='ltr'>narra-</span> 
     </span>
     <span class='ocr_line' id='line_1_25' title="bbox 89 2186 1579 2249; baseline -0.01 -10"><span class='ocrx_word' id='word_1_157' title='bbox 89 2198 219 2238; x_wconf 78' lang='lat' dir='ltr'>turus</span> <span class='ocrx_word' id='word_1_158' title='bbox 252 2194 366 2249; x_wconf 84' lang='lat' dir='ltr'>exit;</span> <span class='ocrx_word' id='word_1_159' title='bbox 399 2194 555 2236; x_wconf 82' lang='lat' dir='ltr'>nutrix</span> <span class='ocrx_word' id='word_1_160' title='bbox 586 2191 820 2235; x_wconf 87' lang='lat' dir='ltr'>Phaedrae</span> <span class='ocrx_word' id='word_1_161' title='bbox 853 2205 949 2233; x_wconf 85' lang='lat' dir='ltr'>eum</span> <span class='ocrx_word' id='word_1_162' title='bbox 981 2187 1267 2243; x_wconf 82' lang='lat' dir='ltr'>subsequitur</span> <span class='ocrx_word' id='word_1_163' title='bbox 1308 2187 1354 2227; x_wconf 88' lang='lat' dir='ltr'>et</span> <span class='ocrx_word' id='word_1_164' title='bbox 1390 2186 1579 2240; x_wconf 86' lang='lat' dir='ltr'>apparet</span> 
     </span>
    </p>
   </div>
   <div class='ocr_carea' id='block_1_7' title="bbox 64 2253 1578 2320">
    <p class='ocr_par' dir='ltr' id='par_1_9' title="bbox 64 2253 1578 2320">
     <span class='ocr_line' id='line_1_26' title="bbox 64 2253 1578 2320; baseline -0.009 -12"><span class='ocrx_word' id='word_1_165' title='bbox 64 2264 188 2308; x_wconf 45' lang='lat' dir='ltr'>‘eam</span> <span class='ocrx_word' id='word_1_166' title='bbox 219 2279 245 2306; x_wconf 87' lang='lat' dir='ltr'>a</span> <span class='ocrx_word' id='word_1_167' title='bbox 275 2264 436 2308; x_wconf 86' lang='lat' dir='ltr'>iuvene</span> <span class='ocrx_word' id='word_1_168' title='bbox 465 2263 711 2320; x_wconf 86' lang='lat' dir='ltr'>impetrare</span> <span class='ocrx_word' id='word_1_169' title='bbox 733 2260 863 2313; x_wconf 84' lang='lat' dir='ltr'>velle,</span> <span class='ocrx_word' id='word_1_170' title='bbox 897 2261 947 2301; x_wconf 91' lang='lat' dir='ltr'>ut</span> <span class='ocrx_word' id='word_1_171' title='bbox 978 2260 1142 2301; x_wconf 83' lang='lat' dir='ltr'>taceat.</span> <span class='ocrx_word' id='word_1_172' title='bbox 1202 2254 1370 2298; x_wconf 89' lang='lat' dir='ltr'>Eadem</span> <span class='ocrx_word' id='word_1_173' title='bbox 1402 2253 1578 2296; x_wconf 89' lang='lat' dir='ltr'>ratione</span> 
     </span>
    </p>
   </div>
   <div class='ocr_carea' id='block_1_8' title="bbox 90 2322 1577 2382">
    <p class='ocr_par' dir='ltr' id='par_1_10' title="bbox 90 2322 1577 2382">
     <span class='ocr_line' id='line_1_27' title="bbox 90 2322 1577 2382; baseline -0.009 -4"><span class='ocrx_word' id='word_1_174' title='bbox 90 2333 470 2378; x_wconf 88' lang='lat' dir='ltr'>Wilamowitzius</span> <span class='ocrx_word' id='word_1_175' title='bbox 514 2332 628 2374; x_wconf 88' lang='lat' dir='ltr'>hunc</span> <span class='ocrx_word' id='word_1_176' title='bbox 675 2330 819 2373; x_wconf 87' lang='lat' dir='ltr'>locum</span> <span class='ocrx_word' id='word_1_177' title='bbox 870 2327 1112 2382; x_wconf 85' lang='lat' dir='ltr'>intellegit,</span> <span class='ocrx_word' id='word_1_178' title='bbox 1174 2325 1296 2367; x_wconf 91' lang='lat' dir='ltr'>cuius</span> <span class='ocrx_word' id='word_1_179' title='bbox 1344 2322 1577 2366; x_wconf 89' lang='lat' dir='ltr'>adnotatio</span> 
     </span>
    </p>
   </div>
   <div class='ocr_carea' id='block_1_9' title="bbox 142 2485 1473 2542">
    <p class='ocr_par' dir='ltr' id='par_1_11' title="bbox 142 2485 1473 2542">
     <span class='ocr_line' id='line_1_28' title="bbox 142 2485 1473 2542; baseline -0.011 -9"><span class='ocrx_word' id='word_1_180' title='bbox 142 2498 262 2542; x_wconf 87' lang='lat' dir='ltr'>„Male</span> <span class='ocrx_word' id='word_1_181' title='bbox 287 2485 487 2541; x_wconf 82' lang='lat' dir='ltr'>morigerus</span> <span class='ocrx_word' id='word_1_182' title='bbox 515 2497 562 2530; x_wconf 90' lang='lat' dir='ltr'>mi</span> <span class='ocrx_word' id='word_1_183' title='bbox 589 2500 643 2530; x_wconf 80' lang='lat' dir='ltr'>est</span> <span class='ocrx_word' id='word_1_184' title='bbox 669 2494 823 2536; x_wconf 80' lang='lat' dir='ltr'>danista,</span> <span class='ocrx_word' id='word_1_185' title='bbox 852 2492 913 2535; x_wconf 80' lang='lat' dir='ltr'>qui</span> <span class='ocrx_word' id='word_1_186' title='bbox 939 2503 959 2526; x_wconf 86' lang='lat' dir='ltr'>a</span> <span class='ocrx_word' id='word_1_187' title='bbox 987 2501 1041 2525; x_wconf 91' lang='lat' dir='ltr'>me</span> <span class='ocrx_word' id='word_1_188' title='bbox 1068 2492 1257 2533; x_wconf 85' lang='lat' dir='ltr'>argentum</span> <span class='ocrx_word' id='word_1_189' title='bbox 1283 2498 1355 2521; x_wconf 86' lang='grc'><strong>11011</strong></span> <span class='ocrx_word' id='word_1_190' title='bbox 1381 2487 1473 2530; x_wconf 85' lang='lat' dir='ltr'>petit</span> 
     </span>
    </p>
   </div>
   <div class='ocr_carea' id='block_1_10' title="bbox 140 2545 1580 2649">
    <p class='ocr_par' dir='ltr' id='par_1_12' title="bbox 140 2545 1580 2649">
     <span class='ocr_line' id='line_1_29' title="bbox 140 2545 1580 2602; baseline -0.01 -10"><span class='ocrx_word' id='word_1_191' title='bbox 140 2568 258 2602; x_wconf 87' lang='lat' dir='ltr'>neque</span> <span class='ocrx_word' id='word_1_192' title='bbox 282 2557 382 2591; x_wconf 88' lang='lat' dir='ltr'>illam</span> <span class='ocrx_word' id='word_1_193' title='bbox 408 2556 565 2599; x_wconf 80' lang='lat' dir='ltr'>adducit,</span> <span class='ocrx_word' id='word_1_194' title='bbox 594 2565 686 2598; x_wconf 85' lang='lat' dir='ltr'>quae</span> <span class='ocrx_word' id='word_1_195' title='bbox 713 2552 876 2601; x_wconf 70' lang='lat' dir='ltr'>(empta)</span> <span class='ocrx_word' id='word_1_196' title='bbox 904 2563 947 2586; x_wconf 82' lang='lat' dir='ltr'>ex</span> <span class='ocrx_word' id='word_1_197' title='bbox 974 2549 1156 2595; x_wconf 85' lang='lat' dir='ltr'>praedast.</span> <span class='ocrx_word' id='word_1_198' title='bbox 1192 2546 1272 2582; x_wconf 88' lang='lat' dir='ltr'>sed</span> <span class='ocrx_word' id='word_1_199' title='bbox 1298 2557 1418 2581; x_wconf 87' lang='lat' dir='ltr'>eccum</span> <span class='ocrx_word' id='word_1_200' title='bbox 1445 2545 1580 2580; x_wconf 80' lang='lat' dir='ltr'>incedit</span> 
     </span>
     <span class='ocr_line' id='line_1_30' title="bbox 1323 2604 1529 2649; baseline -0.005 -10"><span class='ocrx_word' id='word_1_201' title='bbox 1323 2604 1529 2649; x_wconf 77' lang='lat' dir='ltr'>Epidicus.“</span> 
     </span>
    </p>
   </div>
   <div class='ocr_carea' id='block_1_11' title="bbox 0 2663 1581 2722">
    <p class='ocr_par' dir='ltr' id='par_1_13' title="bbox 0 2663 1581 2722">
     <span class='ocr_line' id='line_1_31' title="bbox 0 2663 1581 2722; baseline -0.009 -10"><span class='ocrx_word' id='word_1_202' title='bbox 0 2667 30 2722; x_wconf 29' lang='grc' dir='ltr'>ἶ,</span> <span class='ocrx_word' id='word_1_203' title='bbox 95 2677 210 2711; x_wconf 85' lang='lat' dir='ltr'>artius</span> <span class='ocrx_word' id='word_1_204' title='bbox 238 2675 432 2710; x_wconf 86' lang='lat' dir='ltr'>cohaerere</span> <span class='ocrx_word' id='word_1_205' title='bbox 457 2673 635 2709; x_wconf 76' lang='lat' dir='ltr'>videntur.</span> <span class='ocrx_word' id='word_1_206' title='bbox 687 2673 812 2715; x_wconf 81' lang='lat' dir='ltr'>Neque</span> <span class='ocrx_word' id='word_1_207' title='bbox 850 2671 942 2704; x_wconf 87' lang='lat' dir='ltr'>enim</span> <span class='ocrx_word' id='word_1_208' title='bbox 969 2678 1125 2713; x_wconf 80' lang='lat' dir='ltr'>persona</span> <span class='ocrx_word' id='word_1_209' title='bbox 1150 2669 1371 2710; x_wconf 80' lang='lat' dir='ltr'>exspectata,</span> <span class='ocrx_word' id='word_1_210' title='bbox 1411 2663 1473 2698; x_wconf 87' lang='lat' dir='ltr'>sed</span> <span class='ocrx_word' id='word_1_211' title='bbox 1509 2664 1581 2698; x_wconf 83' lang='lat' dir='ltr'>alia</span> 
     </span>
    </p>
   </div>
   <div class='ocr_carea' id='block_1_12' title="bbox 0 2800 22 3282">
    <p class='ocr_par' dir='ltr' id='par_1_14' title="bbox 0 2800 22 3282">
     <span class='ocr_line' id='line_1_32' title="bbox 0 2800 22 3282; textangle 90"><span class='ocrx_word' id='word_1_212' title='bbox 0 2932 22 3282; x_wconf 43' lang='lat' dir='ltr'>§vssvffnvs--aew-fw</span> <span class='ocrx_word' id='word_1_213' title='bbox 2 2903 9 2917; x_wconf 58' lang='lat' dir='ltr'>v</span> <span class='ocrx_word' id='word_1_214' title='bbox 0 2866 16 2891; x_wconf 69' lang='lat'>;:</span> <span class='ocrx_word' id='word_1_215' title='bbox 0 2830 7 2848; x_wconf 56' lang='lat'>⁸&lt;</span> <span class='ocrx_word' id='word_1_216' title='bbox 3 2800 17 2808; x_wconf 60' lang='lat' dir='ltr'><em>s</em></span> 
     </span>
    </p>
   </div>
   <div class='ocr_carea' id='block_1_13' title="bbox 94 2724 1580 2835">
    <p class='ocr_par' dir='ltr' id='par_1_15' title="bbox 94 2724 1580 2835">
     <span class='ocr_line' id='line_1_33' title="bbox 95 2724 1580 2780; baseline -0.009 -10"><span class='ocrx_word' id='word_1_217' title='bbox 95 2747 116 2770; x_wconf 87' lang='lat' dir='ltr'>a</span> <span class='ocrx_word' id='word_1_218' title='bbox 143 2745 300 2780; x_wconf 86' lang='lat' dir='ltr'>persona</span> <span class='ocrx_word' id='word_1_219' title='bbox 335 2745 481 2778; x_wconf 86' lang='lat' dir='ltr'>egressa</span> <span class='ocrx_word' id='word_1_220' title='bbox 518 2733 739 2777; x_wconf 72' lang='lat' dir='ltr'>conspicitur</span> <span class='ocrx_word' id='word_1_221' title='bbox 778 2731 813 2764; x_wconf 88' lang='lat' dir='ltr'>in</span> <span class='ocrx_word' id='word_1_222' title='bbox 840 2739 980 2764; x_wconf 83' lang='lat' dir='ltr'>scaena.</span> <span class='ocrx_word' id='word_1_223' title='bbox 1031 2727 1152 2761; x_wconf 80' lang='lat' dir='ltr'>Etiam</span> <span class='ocrx_word' id='word_1_224' title='bbox 1178 2727 1215 2759; x_wconf 90' lang='lat' dir='ltr'>in</span> <span class='ocrx_word' id='word_1_225' title='bbox 1241 2724 1483 2759; x_wconf 84' lang='lat' dir='ltr'>Menaechmis</span> <span class='ocrx_word' id='word_1_226' title='bbox 1510 2733 1580 2757; x_wconf 89' lang='lat' dir='ltr'>ma-</span> 
     </span>
     <span class='ocr_line' id='line_1_34' title="bbox 94 2782 1580 2835; baseline -0.01 -5"><span class='ocrx_word' id='word_1_227' title='bbox 94 2798 202 2830; x_wconf 85' lang='lat' dir='ltr'>trona</span> <span class='ocrx_word' id='word_1_228' title='bbox 236 2805 307 2829; x_wconf 85' lang='lat' dir='ltr'>non</span> <span class='ocrx_word' id='word_1_229' title='bbox 344 2793 522 2835; x_wconf 84' lang='lat' dir='ltr'>maritum,</span> <span class='ocrx_word' id='word_1_230' title='bbox 562 2802 664 2835; x_wconf 82' lang='lat' dir='ltr'>quem</span> <span class='ocrx_word' id='word_1_231' title='bbox 702 2801 739 2825; x_wconf 87' lang='lat' dir='ltr'>se</span> <span class='ocrx_word' id='word_1_232' title='bbox 773 2789 894 2823; x_wconf 74' lang='lat' dir='ltr'>videre</span> <span class='ocrx_word' id='word_1_233' title='bbox 930 2788 1111 2831; x_wconf 86' lang='lat' dir='ltr'>opinatur,</span> <span class='ocrx_word' id='word_1_234' title='bbox 1152 2783 1215 2820; x_wconf 89' lang='lat' dir='ltr'>sed</span> <span class='ocrx_word' id='word_1_235' title='bbox 1240 2783 1390 2818; x_wconf 83' lang='lat' dir='ltr'>fratrem</span> <span class='ocrx_word' id='word_1_236' title='bbox 1418 2782 1580 2825; x_wconf 70' lang='lat' dir='ltr'>coniugis</span> 
     </span>
    </p>
   </div>
   <div class='ocr_carea' id='block_1_14' title="bbox 96 2853 282 2898">
    <p class='ocr_par' dir='ltr' id='par_1_16' title="bbox 96 2853 282 2898">
     <span class='ocr_line' id='line_1_35' title="bbox 96 2853 282 2898; baseline -0.011 -9"><span class='ocrx_word' id='word_1_237' title='bbox 96 2853 282 2898; x_wconf 83' lang='lat' dir='ltr'>conspicit.</span> 
     </span>
    </p>
   </div>
   <div class='ocr_carea' id='block_1_15' title="bbox 131 2925 252 2953">
    <p class='ocr_par' dir='ltr' id='par_1_17' title="bbox 131 2925 252 2953">
     <span class='ocr_line' id='line_1_36' title="bbox 131 2925 252 2953; baseline -0.008 0"><span class='ocrx_word' id='word_1_238' title='bbox 131 2925 252 2953; x_wconf 85' lang='lat' dir='ltr'>Harms-</span> 
     </span>
    </p>
   </div>
  </div>
 </body>
</html>
