1889 3284
0 0 40 271 saetam

836 182 890 223 39

118 299 214 339 tum
246 296 513 354 colloquium
535 297 580 339 in
604 312 805 340 scaenam
829 298 1060 354 prodeunt,
1094 313 1276 355 prorsus
1310 299 1603 341 necessarium

121 369 202 410 est.
234 366 435 419 Accedit,
462 366 578 422 quod
599 367 645 408 in
666 367 911 410 Heautont.
940 368 1047 409 1004
1069 368 1276 423 coniuges
1300 368 1602 424 egrediuntur,

119 436 221 478 dum
253 436 307 478 de
338 437 484 489 rebus,
518 450 626 492 quas
653 436 791 478 filium
816 435 1113 493 Clitiphonem
1146 438 1301 479 audire
1332 453 1420 480 non
1451 439 1605 493 aptum

119 508 201 559 est,
234 507 376 560 agunt
407 507 454 547 et
485 505 607 548 inter
640 520 686 548 se
719 506 948 559 rixantur,
984 509 1029 548 et
1060 507 1106 548 in
1137 507 1356 548 Ε1111.818
1389 522 1409 549 0
1442 522 1489 549 re
1522 510 1603 559 est,

119 574 426 632 quaestionem
469 573 732 630 Pythiadis,
781 577 830 616 ut
874 578 943 618 est
986 576 1202 632 quaestio,
1249 591 1376 632 quam
1418 577 1604 618 maxime

118 646 336 687 secretam
375 643 601 698 fieriscf.
635 644 772 686 etiam
804 644 982 686 Trucul.
1017 646 1099 686 775
1118 646 1206 699 ss).
1267 646 1606 702 Nonnumquam

117 713 303 757 consilia
343 715 517 757 secreta
557 713 780 756 habentur
812 714 953 769 (Trin.
988 715 1082 767 729,
1118 714 1262 757 Oasin.
1296 716 1380 757 437
1413 718 1459 758 et
1490 717 1603 767 515).

117 783 238 839 Ergo
284 782 510 839 plerisque
555 783 664 825 locis
711 798 780 825 res
827 786 1025 826 secretae
1072 787 1283 839 aguntur.
1352 786 1520 837 Quibus
1552 785 1605 827 de

118 853 263 896 causis
293 852 374 895 has
407 866 602 905 scaenas,
638 866 746 908 quas
779 853 978 909 proximo
1011 853 1106 895 loco
1130 854 1342 907 tractavi,
1376 870 1428 896 ex
1462 854 1605 896 forma

119 922 283 965 secreti
313 921 523 979 colloquii
557 924 679 964 ortas
714 936 810 964 esse
842 923 1054 964 arbitror.

240 990 354 1046 „Sed
385 1005 438 1034 ea
469 1005 519 1034 re
549 991 632 1033 hae
666 1005 848 1034 scaenae
871 993 925 1033 ab
948 991 1028 1034 illa
1058 991 1204 1034 forma
1228 991 1355 1033 valde
1377 992 1604 1044 differunt,

118 1061 237 1119 quod
278 1076 368 1105 non
411 1060 643 1103 exordium
686 1060 941 1103 fabularum
989 1063 1134 1103 sunt4‘.
1197 1062 1262 1102 At
1305 1061 1382 1103 has
1428 1075 1605 1103 scaenas

117 1131 312 1174 eiusdem
343 1130 612 1174 condicionis
659 1146 754 1173 esse
799 1145 926 1187 nego,
974 1131 1095 1173 cuius
1136 1130 1242 1173 illae
1284 1145 1478 1181 scaenae,
1529 1130 1605 1172 sed

117 1201 213 1244 dico
257 1215 330 1244 eas
375 1200 432 1244 ad
475 1201 655 1243 illarum
687 1200 935 1256 exemplum
980 1215 1074 1243 esse
1118 1200 1432 1243 conformatas.
1495 1200 1606 1242 Tum

116 1270 198 1314 has
230 1284 422 1322 scaenas,
467 1285 566 1313 cum
594 1285 683 1312 non
714 1270 802 1312 iam
833 1270 962 1313 initio
996 1270 1188 1322 fabulae,
1238 1270 1313 1312 sed
1345 1270 1389 1311 in
1423 1269 1604 1312 exordio

116 1341 242 1383 actus
275 1339 588 1392 adhibeantur,
622 1344 965 1382 consentaneum
990 1342 1060 1382 est
1082 1354 1178 1381 cum
1200 1342 1462 1394 argumento
1488 1353 1605 1381 scae-

115 1424 274 1452 narum
306 1409 665 1452 antecedentium
691 1409 881 1465 quodam
914 1409 1041 1451 modo
1078 1408 1296 1463 coniungi.
1362 1409 1426 1449 Eo
1459 1408 1522 1454 fit,
1556 1411 1606 1450 ut

117 1494 170 1522 ex
201 1479 357 1536 primis
391 1479 547 1522 statim
579 1479 740 1529 verbis,
785 1478 941 1534 quibus
987 1492 1200 1535 personae
1231 1478 1277 1519 in
1309 1492 1510 1520 scaenam
1542 1477 1605 1519 in—

118 1563 302 1605 gressae
323 1548 570 1591 diverbium
587 1548 819 1605 incipiunt,
843 1548 1109 1604 colloquium
1132 1548 1217 1589 iam
1240 1547 1360 1589 intus
1383 1548 1605 1603 inceptum

119 1633 214 1662 esse
245 1620 416 1675 pateat.
449 1618 610 1674 (Andr.
634 1619 714 1660 821
755 1617 949 1672 „Orandi
980 1619 1064 1660 iam
1097 1617 1226 1659 finem
1257 1617 1395 1659 face“.
1458 1616 1604 1658 Heau-

117 1691 233 1731 tont.
270 1689 381 1731 1010
431 1688 593 1743 „Immo
644 1688 727 1730 scis
772 1688 923 1744 potius
966 1702 1096 1743 quam
1137 1687 1311 1742 quidem
1353 1686 1603 1728 1011001111-

118 1761 249 1814 tegra
292 1757 482 1800 oratio“.
543 1757 657 1800 Eun.
691 1758 776 1799 818
822 1758 1013 1813 „Pergin
1060 1756 1250 1798 scelesta
1296 1771 1462 1797 mecum
1506 1770 1605 1811 per-

117 1827 248 1884 plexe
278 1827 402 1884 loqui
415 1826 460 1869 ‘?“
523 1827 609 1870 Ad.
644 1828 727 1869 517
764 1827 880 1881 „Ain
913 1830 1088 1882 patrem
1129 1826 1229 1867 hinc
1261 1826 1403 1867 abisse
1435 1824 1603 1879 rus'?“).

234 1897 448 1940 Fortasse
494 1898 684 1940 formam
739 1898 906 1954 incepti
963 1899 1095 1939 extra
1149 1910 1351 1938 scaenam
1398 1894 1605 1950 colloquii

119 1967 255 2010 etiam
286 1969 530 2023 propterea
573 1967 726 2009 comici
770 1966 1101 2023 praeferebant,
1146 1965 1262 2020 quod
1294 1965 1411 2006 actio
1445 1964 1511 2005 ita
1542 1964 1604 2005 vi-

119 2036 265 2079 vidior
310 2036 460 2080 fiebat.
538 2036 702 2089 Quidni
748 2036 862 2078 idem
910 2036 1144 2087 senserint,
1208 2034 1323 2090 quod
1372 2032 1604 2075 Kaibelius

119 2106 206 2162 (El.
249 2121 290 2163 p.
324 2107 396 2161 65)
441 2106 496 2149 de
543 2106 801 2162 Antigonae
850 2104 1120 2161 Sophocleae
1176 2103 1355 2145 exordio
1411 2102 1603 2144 iudicat:

123 2175 253 2230 „Man
285 2175 423 2234 sieht·
445 2175 571 2219 nicht
616 2176 699 2228 ein,
747 2190 915 2218 warum
947 2174 1044 2216 ihre
1075 2172 1410 2228 Unterredung,
1455 2172 1512 2214 da
1543 2172 1605 2214 sie

119 2240 231 2287 doch
263 2260 515 2288 zusammen
554 2245 684 2288 leben
713 2244 804 2286 und
834 2258 1086 2286 zusammen
1129 2242 1400 2294 erscheinen,
1442 2241 1607 2296 gerade

118 2315 166 2357 in
196 2314 296 2357 dem
315 2315 626 2371 Augenblicke
660 2315 857 2370 beginnt,
891 2329 960 2356 wo
982 2313 1044 2355 sie
1071 2311 1365 2354 miteinander
1397 2325 1476 2352 aus
1509 2310 1608 2353 dem

122 2384 272 2427 Hause
305 2385 385 2428 auf
414 2384 485 2427 die
515 2384 672 2427 B'uhne
704 2384 929 2426 treten.“‘?

234 2454 302 2496 At
332 2454 557 2511 inceptum
600 2453 867 2509 colloquium
914 2467 1008 2494 cum
1057 2450 1275 2507 colloquio
1323 2453 1427 2492 ante
1475 2449 1604 2492 aedes
1659 2446 1663 2451 ’

122 2526 295 2566 secreto
337 2526 534 2580 pugnat3
583 2537 684 2566 nam
717 2538 813 2565 cum
844 2535 1073 2578 personae,
1118 2523 1170 2562 ut
1210 2522 1380 2562 secreto
1414 2518 1606 2575 colloqui

120 2592 305 2649 possint,
337 2593 461 2636 foras
495 2595 669 2645 exeant,
704 2606 777 2634 eas
811 2594 939 2634 extra
972 2590 1102 2632 aedes
1133 2590 1306 2632 demum
1339 2588 1605 2644 colloquium

120 2661 329 2705 incohare
350 2665 693 2705 consentaneum
726 2663 806 2704 est.
870 2660 1035 2702 Tamen
1067 2660 1224 2715 poetas
1258 2658 1455 2710 comicos,
1489 2661 1606 2714 post—

121 2746 251 2788 quam
282 2732 427 2788 poetis
460 2734 508 2774 et
539 2730 881 2788 spectatoribus,
928 2732 978 2771 ut
1009 2742 1220 2784 personas
1254 2728 1383 2770 simul
1413 2728 1458 2769 in
1492 2742 1606 2770 scae-

120 2815 223 2844 nam
254 2800 378 2844 foras
423 2804 635 2844 exeuntes
684 2803 857 2843 secreta
902 2798 1093 2854 colloqui
1124 2797 1240 2841 velle
1273 2797 1602 2852 intellegerent,
