1889 3284
962 188 1016 229 52

242 302 422 345 dubium
460 305 541 355 est,
587 302 758 345 scilicet
790 300 1166 358 exspectationem
1198 304 1503 358 spectatorum
1535 301 1731 344 excitare

242 374 289 414 et
320 372 478 414 deinde
509 371 818 414 retardatione
853 386 1018 427 augere
1050 371 1208 424 voluit,
1243 371 1319 413 sed
1351 386 1437 427 qua
1470 385 1602 414 causa
1633 386 1730 428 per-

244 456 349 484 sona
381 443 598 484 commota
629 441 701 493 sit,
747 443 798 483 ut
838 441 961 483 intus
994 443 1150 493 cesset7
1195 455 1284 482 non
1314 440 1489 483 dicitur.
1551 440 1730 483 Aristo-

242 511 408 567 phanes
432 526 528 553 cum
552 510 665 553 hanc
686 510 875 552 formam
896 510 966 552 ita
986 510 1195 563 mutavit,
1228 512 1324 552 tum
1347 525 1523 553 causam
1554 509 1732 553 tardius

243 580 373 622 eundi
420 580 666 622 addendam
716 595 812 623 esse
858 595 946 622 non
997 580 1139 622 sensit
1170 579 1244 622 vel
1279 579 1494 635 neglexit,
1544 595 1630 636 qua
1675 579 1731 621 iis

242 650 364 702 locis,
413 650 570 705 quibus
618 649 801 692 nuntius
849 649 1017 706 prodit,
1062 663 1150 691 non
1197 664 1305 705 opus
1353 653 1467 703 erat,
1515 649 1733 706 siquidem

241 719 389 761 nuntii
421 721 492 761 est
522 719 845 775 praenuntiare
875 733 1090 775 personas
1124 722 1373 775 sequentes.

359 789 483 831 Hanc
505 788 800 831 mutationem
832 814 888 819 —
918 788 1123 831 mirabile
1156 788 1278 830 dictu
1314 814 1365 818 -
1396 788 1634 845 Euripides
1667 803 1732 831 se-

243 865 369 901 cutus
403 874 498 901 esse
531 858 714 901 videtur
735 858 783 900 in
795 858 988 917 Helena,
1023 873 1153 914 quam
1175 858 1252 914 qui
1273 858 1462 900 mediam
1493 873 1589 901 esse
1613 859 1735 901 inter

242 928 521 984 tragoediam
552 930 598 971 et
630 928 900 971 comoediam
947 928 1174 981 dixerunt,
1219 943 1307 970 non
1350 929 1677 970 aberraverunt
1707 942 1734 970 a

243 1013 372 1040 vero:
406 998 460 1040 In
484 1012 643 1040 scaena
666 998 776 1040 1369
793 1013 848 1040 ss.
901 996 1075 1040 Helena
1097 997 1191 1039 exit
1214 1004 1259 1040 et
1281 998 1414 1040 rebus
1436 997 1559 1040 intus
1591 997 1732 1053 gestis

242 1068 443 1110 narratis
489 1067 613 1110 chori
653 1070 700 1110 et
743 1069 1047 1124 spectatorum
1091 1067 1258 1110 animos
1302 1067 1501 1110 intentos
1533 1067 1646 1110 facit
1677 1066 1735 1109 ad

241 1138 444 1180 habitum
475 1137 666 1180 Menelai
705 1139 940 1180 mutatum.
1003 1137 1102 1190 Qua
1142 1142 1292 1180 autem
1324 1153 1373 1180 re
1406 1137 1613 1180 commoti
1644 1137 1733 1179 Me-

242 1207 397 1249 nelaus
440 1210 486 1249 et
519 1206 876 1261 Theoclymenus
920 1206 1040 1249 intus
1086 1207 1372 1259 cessaverint,
1416 1207 1601 1259 nescias,
1646 1206 1734 1249 nisi

242 1277 472 1320 consilium
494 1279 655 1334 poetae
679 1276 789 1319 satis
811 1290 971 1319 causae
995 1290 1091 1318 esse
1114 1278 1260 1332 putes.
1323 1275 1488 1320 Similis
1522 1278 1590 1319 est
1611 1276 1734 1319 locus

242 1347 399 1390 Bacch.
449 1363 489 1388 v.
524 1347 607 1389 912
623 1362 679 1389 ss.
699 1346 742 1402 1).
821 1346 1019 1389 Bacchus
1067 1346 1161 1388 exit
1207 1349 1253 1388 et
1299 1345 1558 1396 Pentheum,
1607 1361 1735 1402 quem

241 1417 364 1460 intus
407 1416 615 1459 muliebri
659 1416 831 1459 vestitu
878 1416 1072 1470 ornavit,
1118 1416 1242 1459 foras
1285 1418 1442 1458 evocat
1485 1415 1636 1458 verbis
1668 1415 1736 1458 ita

243 1487 525 1544 comparatis.
559 1489 611 1528 ut
643 1486 777 1528 animi
805 1488 1106 1542 spectatorum
1130 1485 1186 1528 ad
1208 1486 1424 1528 vestitum
1456 1491 1501 1528 et
1532 1485 1735 1528 habitum

242 1557 432 1600 Penthei
461 1556 770 1599 intendantur.
834 1556 1005 1599 Rursus
1028 1556 1154 1598 nulla
1186 1570 1319 1599 causa
1350 1555 1525 1598 tardius
1548 1554 1737 1598 exeundi

242 1627 485 1669 invenitur.

359 1696 648 1739 Manifestum
681 1710 787 1752 ergo
820 1698 901 1749 est,
945 1711 1042 1738 cum
1074 1696 1223 1738 nuntii
1261 1695 1585 1753 praenuntient
1615 1710 1736 1752 pom-

244 1782 343 1824 pam
388 1767 661 1822 plerumque,
710 1766 822 1808 hanc
867 1767 1048 1808 brevem
1080 1766 1279 1819 formam>
1327 1765 1373 1807 in
1418 1779 1503 1821 qua
1547 1778 1739 1821 persona

244 1837 463 1893 primaria
507 1835 814 1892 praenuntiat,
875 1836 929 1877 iis
975 1835 1099 1888 locis,
1145 1835 1302 1892 quibus
1351 1835 1396 1876 in
1440 1835 1737 1877 mutationem

245 1906 386 1949 vestis
432 1906 505 1948 vel
550 1905 728 1948 habitus
781 1904 967 1946 alicuius
1027 1919 1244 1961 personae
1300 1904 1456 1947 animis
1502 1904 1738 1947 intendere

245 1976 391 2019 voluit
434 1978 581 2032 poeta,
625 1978 889 2031 usurpatam
937 1989 1045 2017 esse.
1109 1974 1251 2027 Quam
1292 1981 1436 2017 artem
1478 1976 1613 2030 poeta
1670 1989 1737 2017 co-

245 2047 382 2089 micus
413 2046 617 2088 imitatus
650 2048 720 2088 est
751 2044 847 2087 loco
883 2044 1096 2087 Pseudoli
1128 2059 1264 2101 supra
1309 2044 1474 2099 allat03
1521 2047 1567 2086 et
1598 2058 1739 2100 aeque

247 2120 382 2173 atque
426 2116 534 2159 locis
567 2115 766 2157 Helenae
807 2117 853 2157 et
895 2114 1053 2156 Bacch.
1087 2114 1240 2157 allatis
1284 2114 1365 2156 hoc
1409 2114 1504 2157 1000
1549 2127 1741 2170 persona

247 2186 394 2228 altera
423 2188 599 2228 mutata
629 2186 756 2227 veste
788 2184 969 2229 incedit.

363 2256 526 2298 Utrum
567 2270 672 2297 vero
715 2254 925 2296 comicum
968 2269 1023 2297 an
1063 2254 1287 2310 tragicum
1329 2257 1465 2310 poeta
1493 2267 1637 2296 novae
1669 2268 1738 2296 co-

248 2326 447 2368 moediae
489 2327 667 2367 secutus
712 2324 784 2376 sit,
829 2338 956 2367 nemo
989 2324 1064 2380 qui
1095 2326 1371 2380 quantopere
1402 2323 1576 2366 Helena
1607 2323 1738 2365 Euri-

250 2458 303 2487 est
331 2456 376 2492 (v,
404 2456 448 2488 59
463 2455 526 2497 s.):

580 2513 674 2547 'XM'
702 2513 755 2547 ὅδε
782 2516 842 2559 γὰρ
868 2513 906 2559 δὴ
938 2513 1084 2558 βασιλεὺς
1111 2513 1173 2559 πρὸ
1202 2513 1316 2556 δόμων

581 2573 685 2619 κῆρυξ
711 2572 830 2619 θ”ιερὸς
857 2573 913 2606 καὶ
940 2578 1014 2610 παῖς
1042 2571 1186 2606 Φαέθων

584 2633 739 2677 βαίνουσι,
765 2632 976 2677 τριπλοῦν
1003 2633 1169 2677 ζεῦγος,
1199 2631 1286 2677 ἔχειν
1311 2632 1376 2677 χρὴ

584 2691 675 2735 στόμ’
705 2692 737 2724 ἐν
763 2692 885 2738 ἡσυχίᾳ
913 2719 918 2725 .
949 2719 955 2725 .
985 2718 991 2725 .

254 2749 321 2783 Sed
352 2750 472 2784 nescio
500 2761 545 2783 an
572 2750 837 2793 Aristophanes
864 2750 980 2784 locum
1007 2750 1158 2786 similem
1183 2748 1372 2793 Euripidis
1398 2749 1581 2793 respiciat.

375 2809 407 2852 1)
435 2809 529 2842 Miro
556 2808 660 2843 modo
688 2808 805 2843 forma
824 2809 967 2843 brevior
994 2813 1028 2843 et
1054 2809 1197 2853 longior
1223 2809 1259 2842 in
1286 2807 1410 2842 eadem
1438 2807 1565 2842 fabula
1583 2811 1739 2842 exstant.
1775 2854 1778 2856 ‚
