1889 3284
0 0 29 298 ‘'3¹⁷“W

21 121 30 132 x
21 87 24 90 ¹
23 74 26 78 -
19 11 23 16 ·

856 247 910 289 53

136 361 268 417 pidea
307 360 552 403 contulerit
596 361 653 403 ad
695 360 884 404 formam
914 376 1055 404 novae
1098 363 1346 406 comoediae
1379 378 1522 406 secum
1554 379 1621 406 re-

136 429 371 486 putaverit
384 429 427 485 ¹),
460 445 540 486 pro
573 433 695 473 certo
729 430 873 473 dicere
906 431 1102 474 audebit.

253 499 408 556 Neque
431 499 552 541 solus
575 498 785 541 Pseudoli
817 502 952 555 poeta
983 500 1096 543 hanc
1128 501 1350 544 rationem
1371 502 1621 558 usurpavit.

136 568 326 612 Poenuli
356 569 472 612 enim
502 583 660 612 versus
691 569 777 611 470
791 584 846 611 ss.
881 569 1075 612 eiusdem
1106 570 1223 612 modi
1255 574 1380 614 sunt:
1415 571 1562 627 Lycus
1597 585 1622 613 a

135 638 242 680 fano
273 638 466 681 Veneris
497 637 757 690 revertitur,
804 638 857 680 de
903 642 1067 681 eventu
1111 640 1422 682 sacrificiorum
1453 643 1624 696 specta-

136 710 260 751 tores
291 707 511 750 certiores
543 707 667 760 facit,
713 707 872 749 deinde
902 708 1171 761 miratur,
1214 709 1288 751 ubi
1320 709 1446 752 miles
1481 711 1623 752 Anta-

135 777 360 820 moenides
391 777 632 830 restiterit,
677 777 753 833 qui
784 792 863 819 cur
896 777 1069 820 tardius
1102 777 1294 833 prodeat
1324 794 1412 820 non
1443 779 1620 822 dicitur.

135 847 234 890 Hoc
277 846 374 890 loco
405 861 495 890 non
540 846 628 889 iam
673 847 810 889 verba
855 861 1072 903 personae
1118 848 1281 903 prioris
1315 848 1370 890 ad
1408 863 1624 904 personae

136 917 339 960 habitum
384 931 487 959 mox
531 931 815 972 processurae
863 918 1081 971 spectant,
1129 917 1204 959 sed
1245 932 1267 959 e
1308 917 1501 973 pristina
1545 917 1624 960 illa

135 987 284 1030 forma
313 986 426 1029 nihil
455 985 542 1028 nisi
577 985 888 1040 interrogatio,
934 1000 1021 1042 qua
1063 986 1251 1028 militem
1290 986 1515 1029 restitisse
1547 987 1624 1029 mi·

137 1059 281 1109 ratur,
315 1058 363 1099 et
393 1055 594 1099 defectus
627 1069 785 1097 causae
817 1055 1020 1097 morandi
1050 1055 1278 1097 remansit.

252 1125 455 1182 Egregia
485 1127 587 1168 arte
617 1124 818 1167 Philemo
860 1125 973 1167 hanc
1004 1124 1194 1167 formam
1224 1125 1270 1167 in
1302 1127 1435 1168 Mero,
1469 1125 1551 1167 692
1569 1141 1623 1168 ss.

135 1195 362 1239 adhibuit:
407 1194 702 1252 Lysimachus
746 1208 772 1237 a
814 1194 913 1236 foro
961 1194 1081 1237 redit
1125 1198 1169 1237 et
1213 1210 1257 1237 se
1301 1210 1484 1251 coquum
1527 1210 1625 1238 con-

136 1265 315 1309 duxisse
336 1267 508 1317 narrat,
542 1264 619 1307 sed
645 1279 768 1317 „eum
791 1263 1036 1306 demirat
1052 1279 1114 1306 ur
1144 1280 1231 1306 non
1255 1265 1444 1307 veniresvg
1496 1264 1626 1307 Post-

136 1350 270 1392 quam
299 1335 458 1378 deinde
489 1335 693 1391 Dorippa
736 1348 919 1389 egressa
963 1337 1044 1386 est,
1089 1349 1264 1389 coquus,
1309 1335 1384 1389 qui
1426 1337 1520 1377 tam
1551 1333 1627 1375 diu

137 1405 344 1459 cessavit,
378 1404 507 1448 adest
529 1403 687 1459 [„Ecce
710 1405 859 1446 autem
881 1404 1008 1460 perii,
1042 1418 1204 1459 coquus
1238 1403 1388 1446 adest*
1415 1405 1547 1459 (748)]
1582 1406 1627 1446 et

135 1475 307 1518 festiva
338 1488 498 1518 scaena
530 1474 690 1516 oritur.

254 1545 322 1588 Ea
351 1545 667 1601 interrogatio,
701 1558 788 1601 qua
817 1544 869 1596 is,
903 1543 978 1599 qui
1010 1543 1133 1598 prior
1166 1542 1348 1596 accedit,
1395 1558 1441 1585 se
1471 1543 1629 1585 mirari

138 1613 262 1668 dicit,
309 1614 488 1658 ubinam
532 1614 680 1657 altera
711 1627 903 1670 persona
934 1612 1179 1665 restiterit,
1237 1627 1332 1655 cum
1377 1612 1444 1654 his
1479 1613 1625 1655 tribus

139 1699 282 1727 novae
323 1683 573 1727 comoediae
617 1683 724 1726 locis
768 1683 1040 1735 inveniatur,
1087 1682 1279 1725 fortasse
1311 1681 1389 1723 hos
1421 1681 1540 1725 locos
1572 1683 1626 1724 ab

139 1769 227 1797 uno
260 1753 459 1811 exemplo
493 1753 735 1810 Euripideo
769 1752 842 1795 vel
872 1751 1204 1808 Aristophaneo
1236 1751 1361 1793 nobis
1394 1750 1626 1807 deperdito

139 1823 336 1881 pendere
367 1823 517 1880 aliquo
549 1822 677 1865 modo
710 1822 850 1866 conici
880 1824 1046 1878 potest.

730 2075 934 2119 CAPVT
966 2075 1047 2118 IV.

138 2172 220 2217 De
265 2171 393 2217 locis
439 2170 769 2222 comicorum,
817 2168 909 2226 qui
952 2179 1112 2213 causa
1159 2166 1390 2212 adeundi
1432 2168 1624 2219 carent,

795 2238 978 2295 agitur.

257 2338 296 2366 a.
327 2321 707 2368 Wilamowitzius
738 2321 785 2362 in
814 2318 996 2362 Hercul.
1026 2333 1165 2361 comm
1199 2317 1402 2373 (p..3ss9):
1441 2317 1526 2371 „Es
1553 2332 1626 2373 ge-

141 2393 261 2447 hort,
293 2392 453 2450 inquit,
489 2407 589 2434 zum
620 2390 736 2433 Stile
768 2390 843 2432 des
875 2387 1178 2444 griechischen
1201 2385 1521 2442 Sohauspieles,
1557 2385 1627 2428 die

139 2462 446 2518 Motivierung
467 2461 544 2505 des
569 2459 935 2515 Gleichgiiltigen
957 2474 1013 2500 zu
1041 2455 1372 2507 verscbmahen‚
1405 2455 1497 2497 und
1528 2470 1627 2497 zum

140 2532 309 2576 Wesen
340 2531 416 2575 des
449 2530 634 2574 antiken
656 2529 929 2581 Publikums,
962 2526 1226 2583 Adiaphora
1257 2525 1323 2567 als
1354 2524 1498 2567 solche
1530 2524 1625 2566 hin-

141 2601 386 2645 zunehmen
415 2601 506 2644 und
538 2600 630 2643 sich
660 2599 733 2642 bei
762 2598 894 2640 ihnen
936 2596 1060 2639 nicht
1101 2594 1432 2638 aufzuhalten.“
1499 2593 1626 2646 Quod

139 2671 348 2715 iudicium
390 2670 542 2727 aliqua
573 2684 627 2712 ex
658 2670 787 2725 parte
831 2681 983 2709 verum
1028 2679 1123 2708 esse
1168 2663 1368 2707 concedo.
1432 2662 1518 2705 Sed
1558 2677 1625 2705 ca-

262 2813 296 2857 1)
324 2810 376 2846 Cf.
403 2811 490 2854 Leo,
518 2810 582 2853 Qu.
610 2810 662 2844 Pl.
692 2811 775 2851 1133
804 2806 984 2850 Monolog.
1011 2817 1044 2850 p.
1065 2807 1119 2847 53,
1146 2815 1215 2847 quo
1242 2804 1319 2838 loco
1347 2802 1391 2838 de
1417 2803 1625 2837 Philemone

139 2883 186 2908 ex
211 2871 349 2906 Helena
376 2868 556 2915 pendente
583 2869 712 2913 agitur.
