1889 3284
832 232 885 273 57

117 356 251 386 eausa
282 358 336 386 ex
366 344 549 387 aedibus
574 345 664 388 suis
687 345 810 389 foras
843 347 988 390 euntis
1020 363 1108 390 non
1139 348 1377 400 indicatur,
1411 352 1457 392 et
1488 351 1604 406 quod

115 411 240 455 nullo
266 412 361 455 1000
385 428 588 469 persona,
624 415 745 457 cuius
768 415 940 458 aditum
961 418 1151 473 probare
1174 420 1307 473 poeta
1330 419 1601 475 supersedet,

115 481 244 538 prior
275 481 322 524 in
353 497 556 525 scaenam
578 484 744 540 prodit.
806 485 968 527 Utrum
990 486 1146 528 horum
1168 487 1440 542 tragicorum
1466 489 1603 530 secuti

116 550 208 593 sint
239 551 403 601 comici,
449 566 665 608 quaerere
708 568 1080 610 supervacaneum
1125 557 1212 598 est:
1259 560 1461 599 constare
1494 560 1601 613 puto

13 617 26 631 ²
61 664 68 668 ,
115 617 190 663 eos
223 623 326 664 arte
356 621 635 677 tragicorum
666 638 769 666 usos
803 638 909 666 esse.

231 785 271 827 b.
305 785 539 842 Plerisque
560 785 670 828 locis
693 786 943 842 Euripides,
976 801 1055 829 cur
1081 787 1152 829 dei
1174 787 1250 843 qui
1271 788 1480 844 prologos
1504 804 1601 845 pro-

113 850 328 897 nuntiant
358 855 404 896 in
437 869 636 897 scaenam
669 855 902 912 prodeant,
937 855 1119 898 indicat.
1183 856 1251 898 Cf.
1273 856 1372 899 Alc.
1397 873 1436 899 v.
1460 859 1600 911 2223,

113 923 276 966 Troad.
309 939 351 966 v.
383 924 522 969 23125.
584 924 784 967 Bacchus
828 925 1010 967 ineunte
1041 925 1317 968 Baccharum
1360 927 1513 970 fabula
1557 928 1603 969 in

113 1007 317 1036 scaenam
348 993 522 1036 venisse
553 994 735 1036 videtur
767 993 857 1036 dux
887 994 1175 1047 Baccharum,
1218 1010 1325 1051 quas
1358 1012 1398 1038 v.
1432 998 1598 1039 55—61

113 1065 220 1106 ante
250 1063 422 1119 regiam
454 1063 623 1106 saltare
654 1063 789 1106 iubet.
854 1063 942 1105 Sed
981 1064 1027 1105 in
1058 1064 1205 1107 tribus
1237 1064 1401 1107 fabulis
1434 1066 1601 1123 Hippo—

111 1132 229 1188 lyto,
272 1132 456 1176 Hecuba
470 1133 516 1187 ¹),
559 1132 668 1175 Ione
700 1133 875 1189 prologi
916 1147 994 1175 cur
1026 1133 1248 1189 prodeant
1279 1150 1365 1176 non
1397 1139 1599 1192 apparet.

112 1201 200 1255 Qui
233 1216 286 1245 ea
316 1201 576 1245 differentia
617 1204 718 1244 orta
759 1203 859 1244 est?
918 1202 973 1244 In
1004 1203 1234 1245 Alcestide
1276 1206 1321 1245 et
1352 1203 1600 1247 Troadibus

94 1266 184 1315 'dei
215 1271 455 1329 prologum
497 1271 696 1314 dicentes
740 1286 837 1314 cum
879 1272 1046 1314 scaenis
1079 1272 1414 1328 insequentibus
1447 1274 1601 1316 conexi

113 1343 231 1395 sunt,
275 1342 323 1384 in
351 1341 539 1384 Bacchis
572 1341 772 1384 Bacchus
815 1356 911 1383 cum
953 1341 1150 1384 adventu
1190 1341 1311 1384 chori
1343 1342 1600 1386 coniunctus

112 1414 196 1465 est,
228 1411 276 1454 in
305 1411 561 1469 Hippolyto
593 1415 744 1454 autem
776 1413 822 1454 et
852 1411 899 1453 in
919 1411 1101 1453 Hecuba
1134 1414 1180 1453 et
1210 1412 1256 1452 in
1288 1411 1393 1454 Ione
1424 1412 1601 1468 prologi

111 1497 211 1524 cum
240 1481 355 1524 nihil
386 1481 510 1524 aliud
540 1481 725 1534 faciant,
772 1481 859 1523 nisi
889 1483 942 1523 ut
972 1483 1285 1536 argumentum
1316 1481 1495 1524 fabulae
1527 1497 1598 1524 ex-

108 1553 294 1608 ponant,
341 1567 439 1594 cum
481 1551 637 1595 fabula
680 1551 802 1593 nullo
846 1550 974 1593 modo
1020 1550 1271 1593 cohaerent.
1337 1550 1598 1594 Coniunctio

107 1621 253 1677 igitur
274 1621 453 1679 prologi
473 1624 520 1664 et
543 1635 803 1664 scaenarum
824 1620 1153 1676 insequentium
1175 1635 1259 1676 quo
1281 1620 1423 1676 magis
1444 1620 1597 1663 laxata

109 1693 191 1744 est,
225 1705 276 1735 eo
306 1691 448 1748 magis
480 1693 642 1748 poetae
674 1705 849 1734 causam
877 1689 1068 1733 adeundi
1090 1689 1288 1732 indicare
1311 1690 1598 1745 supersedere

107 1763 338 1818 poterant.
388 1761 455 1804 Eo
488 1761 658 1804 factum
690 1762 773 1813 est,
807 1763 859 1802 ut
891 1759 1054 1811 comici,
1088 1759 1164 1815 qui
1185 1759 1366 1801 deorum
1388 1759 1598 1815 prologos

109 1846 164 1874 ex
197 1830 413 1888 Euripide
445 1832 742 1887 sumpserunt,
775 1845 864 1872 non
894 1830 983 1872 iam
1014 1828 1185 1870 aditum
1215 1829 1468 1884 probarent.

225 1913 382 1969 Neque
423 1912 540 1956 enim
579 1912 625 1954 in
654 1911 888 1954 Menandri
918 1910 1071 1952 Aulul.
1105 1926 1144 1952 v.
1181 1910 1203 1950 1
1244 1909 1334 1951 Lar
1365 1909 1597 1952 familiaris

108 1997 189 2026 cur
209 1982 426 2039 procedat
447 1981 629 2025 indicat.
677 1980 911 2023 Auxilium
933 1994 1106 2036 quoque
1139 1978 1329 2031 (Cistell.
1356 1978 1453 2033 149)
1485 1978 1597 2020 nihil

108 2051 233 2095 aliud
255 2051 342 2095 sibi
361 2051 611 2109 proposuit,
635 2050 719 2093 nisi
741 2052 795 2092 ut
815 2050 1051 2106 prologum
1074 2048 1245 2090 diceret
1267 2048 1397 2102 (153).
1442 2047 1596 2104 Neque

107 2121 234 2165 Pana
278 2122 326 2164 in
370 2121 592 2177 Dyscolo,
640 2135 770 2178 quam
816 2119 1015 2162 fabulam
1062 2117 1287 2173 exemplar
1332 2117 1596 2160 Aululariae

58 2223 62 2225 -
106 2192 249 2236 fuisse
280 2192 552 2236 Greffckenus
597 2191 826 2248 opinatur,
878 2189 1014 2231 ullam
1058 2201 1234 2231 causam
1274 2186 1496 2229 addidisse
1528 2187 1595 2230 his

107 2262 255 2306 verbis
285 2264 396 2319 puto
428 2261 605 2317 (fragm.
641 2261 723 2302 127
742 2259 838 2311 K.):

314 2349 384 2398 τῆς
418 2342 599 2397 Ἀττικῆς
631 2342 787 2396 νομίζετ
832 2357 928 2381 ειναι
960 2339 1023 2379 τὸν
1057 2340 1171 2379 τόπον

317 2415 467 2467 Φυλήν,
500 2412 542 2453 τὸ
578 2412 788 2467 Νυμφαῖον
822 2412 852 2450 δ’
885 2411 975 2450 ὅθεν
1008 2409 1251 2463 προέρχομαι

317 2483 544 2524 Φυλασίων.

222 2564 379 2621 Neque
400 2564 569 2616 dubito,
603 2562 708 2619 quin
730 2559 1020 2617 Ignorantiae
1042 2559 1088 2600 in
1110 2557 1419 2601 Circumtonsa
1443 2556 1591 2599 aditus

106 2636 154 2678 et
186 2633 380 2688 Ἐλὲγχου
413 2632 559 2689 (Kock
591 2632 649 2674 fr.
682 2631 783 2685 545)
815 2633 861 2672 et
881 2623 1050 2683 ἽΙρωος
1082 2640 1212 2670 causa
1245 2626 1454 2668 caruerit.

227 2826 262 2870 1)
289 2824 342 2860 Cf.
369 2825 455 2869 Leo,
482 2825 664 2868 Monolog.
692 2834 725 2866 p.
753 2824 796 2856 ‘23
824 2821 946 2856 adnot.
973 2823 1004 2854 2.
