1889 3284
835 243 837 245 ,
847 194 872 236 7

229 311 296 353 At
327 309 435 353 haec
466 309 651 353 licentia
672 309 843 352 nostris
865 308 1084 366 permissa
1107 311 1177 352 est
1198 308 1358 365 poetis,
1392 323 1479 351 non
1506 310 1606 351 erat

114 379 333 437 antiquis:
367 380 430 423 eis
460 394 580 422 more
603 385 649 422 et
672 378 990 422 consuetudine
1022 378 1138 421 artis
1170 382 1458 435 praeceptum
1491 386 1604 431 erat,

115 452 166 492 ut
196 449 346 492 aditus
377 463 668 506 personarum
694 450 954 505 probarent,
987 448 1248 505 ubicumque
1270 447 1365 491 ulla
1394 450 1606 505 poterant

113 519 310 573 ratione;
355 518 472 575 quod
513 532 567 561 ex
607 518 861 561 fabularum
903 518 1217 561 observatione
1262 517 1545 573 cognoscitur
1561 517 1604 571 1).

229 587 318 631 Sed
349 588 466 631 actio
499 587 756 630 fabularum
800 587 1089 644 antiquarum
1120 603 1216 630 cum
1248 602 1422 644 semper
1453 587 1499 629 in
1531 587 1606 630 via

112 658 186 701 vel
227 657 404 715 publico
448 661 553 701 ante
597 657 728 700 aedes
774 657 869 700 loco
916 660 1141 714 ageretur,
1202 657 1348 714 poetis
1394 656 1604 700 scaenicis

112 726 298 772 Graecis
329 727 630 771 difficultates
666 727 929 770 oriebantur
960 730 1169 784 aptarum
1211 742 1444 770 causarum
1477 741 1604 769 exco-

114 796 415 853 gitandarum.
476 797 638 853 Itaque
668 811 758 839 non
789 811 960 852 semper
993 797 1159 853 species
1192 797 1291 840 veri
1325 799 1505 840 servata
1532 798 1602 838 est

113 869 161 910 et
190 882 279 909 non
320 881 560 924 numquam
591 867 636 909 in
669 866 811 909 causis
855 866 1134 919 offendimus,
1185 867 1470 923 „ubicumque
1503 865 1603 908 dra-

110 936 244 979 matis
276 939 588 992 argumentum
619 935 758 978 latius
790 937 931 992 patet.
995 936 1109 979 Nam
1141 951 1230 979 non
1263 936 1404 978 solum
1434 935 1603 978 multae

110 1021 184 1050 res
213 1006 323 1049 locis
355 1021 382 1049 a
417 1009 659 1062 conspectu
701 1005 863 1048 amotis
909 1008 1122 1062 aguntur,
1168 1006 1246 1048 sed
1280 1006 1415 1048 etiam
1448 1020 1501 1048 ex
1532 1005 1601 1057 iis,

112 1089 226 1132 quae
256 1090 345 1119 uno
378 1075 616 1131 eodemque
649 1075 746 1118 loco
779 1078 1036 1126 versantur,
1082 1075 1225 1118 multa
1272 1101 1327 1105 -—
1372 1081 1506 1131 atque
1550 1089 1604 1118 ea.

110 1159 242 1201 saepe
283 1145 553 1201 gravissima
588 1170 633 1175 —
670 1159 758 1187 non
804 1147 909 1187 ante
957 1144 1102 1198 aedes,
1155 1145 1232 1188 sed
1278 1145 1398 1188 intus
1445 1144 1598 1186 fiuntf‘

90 1214 434 1271 (Fraenkelius,
480 1215 548 1257 De
595 1214 740 1257 media
786 1218 832 1258 et
877 1229 995 1258 nova
1043 1215 1268 1258 comoedia
1317 1215 1601 1271 quaestiones

108 1284 314 1338 selectae,
347 1284 476 1328 Gott.
509 1284 613 1328 diss.
648 1284 792 1339 1912.)

223 1354 314 1398 Vix
344 1354 576 1397 dicendum
609 1369 702 1397 esse
735 1357 845 1410 puto
876 1357 1033 1411 poetas
1066 1355 1348 1407 offensiones.
1395 1355 1430 1397 si
1472 1353 1601 1395 modo

108 1423 371 1478 voluissent,
414 1425 589 1467 evitare
620 1424 843 1481 potuisse,
890 1424 966 1466 sed
998 1439 1050 1467 ea
1080 1425 1178 1481 ipsa
1210 1440 1272 1477 re,
1317 1425 1434 1481 quod
1465 1425 1602 1466 inter-

109 1493 212 1536 dum
244 1494 511 1537 offensiones
534 1497 731 1543 exstant,
764 1508 921 1537 causas
944 1509 1032 1536 non
1056 1509 1230 1551 semper
1252 1497 1347 1537 tam
1369 1497 1600 1551 promptas

107 1563 249 1606 fuisse
293 1563 559 1616 ostenditur,
605 1566 656 1606 ut
698 1564 832 1606 facile
865 1567 911 1606 et
942 1567 1047 1621 apte
1090 1564 1425 1607 adhiberentur.
1490 1562 1601 1605 Con-

109 1636 370 1676 sentaneum
400 1632 543 1689 igitur
573 1635 644 1676 est
674 1648 836 1676 novam
869 1635 1091 1676 rationem
1133 1634 1350 1677 introitus
1383 1632 1602 1690 probandi

107 1701 228 1745 haud
257 1703 457 1760 ineptam
488 1702 625 1759 siquis
657 1706 936 1760 reppererat,
970 1703 1134 1747 multos
1158 1704 1314 1746 statim
1334 1705 1492 1761 poetas
1525 1703 1600 1745 ad·

107 1771 314 1815 hibuisse.
377 1772 506 1815 Unde
539 1772 754 1829 sequitur,
800 1775 853 1816 ut
885 1788 1035 1816 earum
1067 1776 1245 1816 tantum
1277 1788 1513 1816 causarum
1545 1774 1600 1815 ab

106 1841 322 1898 Euripide
352 1845 674 1899 usurpatarum
705 1842 751 1884 in
782 1842 863 1885 hac
894 1843 1157 1900 quaestione
1197 1843 1363 1886 mentio
1396 1843 1495 1886 fieri
1527 1842 1600 1885 de-

106 1911 225 1963 beat,
258 1925 367 1967 quas
400 1926 499 1954 eum
529 1911 721 1969 primum
753 1911 1008 1956 adhibuisse
1040 1913 1344 1956 demonstrari
1375 1928 1504 1970 posse
1537 1913 1599 1954 vi-

107 1979 281 2023 deatur.
342 1980 466 2037 Ergo
498 1981 782 2038 propositum
805 1985 1009 2026 nostrum
1031 1983 1283 2026 accuratius
1316 1983 1384 2026 ita
1415 1983 1599 2025 circum—

107 2049 335 2104 scribitur,
367 2052 421 2093 ut
451 2055 671 2107 quatenus
705 2052 858 2094 comici
889 2053 1032 2095 causis
1066 2055 1120 2096 ab
1153 2053 1368 2110 Euripide
1400 2053 1598 2095 inventis

106 2119 175 2162 usi
206 2119 311 2173 sint,
344 2134 626 2176 quaeramus.
687 2121 851 2178 Itaque
883 2122 1019 2165 tritas
1052 2122 1154 2166 illas
1188 2138 1357 2176 causas,

164 2189 260 2233 sive
289 2204 508 2247 personae
539 2190 685 2233 iussae
719 2205 924 2234 scaenam
953 2192 1199 2247 introeunt,

166 2258 262 2302 sive
292 2259 503 2302 mandato
535 2260 738 2317 perfecto
771 2261 818 2303 in
850 2276 1052 2304 scaenam
1083 2262 1284 2314 redeunt,

168 2327 263 2371 s'ive
293 2328 340 2370 in
372 2328 574 2372 scaenam
607 2345 661 2372 ex
693 2330 876 2373 aedibus
909 2334 1165 2383 evocantur,

166 2397 261 2441 sive
292 2397 474 2476 pulsato
507 2399 622 2441 ostio
655 2399 891 2456 prodeunt,

166 2467 260 2510 sive
291 2468 337 2510 in
370 2482 574 2511 scaenam
606 2469 903 2522 adducuntur,

164 2536 258 2579 sive
290 2537 469 2580 aliunde
502 2538 677 2581 domum
707 2539 911 2591 redeunt,

164 2605 259 2650 sive
291 2606 348 2650 ad
378 2608 659 2664 propositum
691 2609 873 2666 aliquod
903 2581 1255 2667 persequendum
1287 2610 1595 2688 egrediuntur,

104 2676 520 2732 praetermittamus
554 2680 601 2720 et
632 2678 679 2720 in
711 2693 785 2721 eos
820 2679 936 2722 solos
962 2679 1082 2723 locos
1102 2680 1370 2737 Euripideos
1393 2680 1597 2722 animum

225 2816 260 2860 1)
286 2816 340 2850 De
365 2817 548 2852 nonnullis
574 2817 675 2861 locis,
715 2818 777 2862 qui
804 2819 1007 2864 excipiendi
1034 2831 1113 2856 esse
1139 2820 1317 2865 videntur,
1355 2821 1453 2856 infra
1481 2832 1594 2865 agam.
